2442 3992
341 187 410 244 N.
435 188 512 249 V.

584 68 709 157 390
1153 67 1600 135 ΛΡΡΒΝΦῙΧ.

584 176 861 249 lent,—ac
893 180 1233 237 consecrari
1252 224 1269 245 ,
1298 190 1483 255 atque
1516 179 1577 237 in
1609 198 1681 237 eo
1704 179 2209 254 praestantissima

585 256 888 315 virtutum
923 257 1193 315 omnium
1232 255 1516 315 Charitas
1546 254 1866 331 figuratur.

657 356 730 410 In
777 354 940 427 Aqua
969 352 1155 427 igitur
1193 353 1362 428 prius
1400 352 1753 425 benedicta,
1789 374 1859 412 ac
1888 352 2207 427 Balsamo‚

587 437 651 487 et
683 426 1026 489 Chrismate
1062 431 1282 499 mixta',
1320 431 1497 490 Cerei
1538 427 1627 488 illi
1664 430 1882 507 Agnus
1930 432 2057 486 Dei
2095 433 2209 491 im·

586 516 990 580 merguntur,
1049 516 1112 565 et
1163 504 1445 565 Summus
1496 507 1767 566 Pontifex
1827 518 1955 566 tam
2020 518 2211 580 ante,

586 583 774 658 quam
814 592 951 657 post
1011 584 1371 643 mersionem
1401 630 1418 657 ‚
1480 583 1871 643 sanctissimis
1924 584 2214 659 precibus

587 664 784 718 Deum
831 668 1070 729 exorat,
1108 670 1178 719 ut
1211 664 1600 722 eas‘Formas
1640 660 2039 731 benedicere,
2070 682 2211 721 sanc

589 736 858 795 ctificare
885 780 901 807 ‚
947 747 1010 795 et
1048 757 1401 797 consecrare
1446 736 1730 811 dignetur
1760 780 1774 805 ,
1830 739 2023 813 iisque
2069 748 2208 798 tan·

589 822 716 871 tam
763 816 1072 889 impertiat
1110 817 1409 875 virtutem
1439 858 1456 887 ,
1511 824 1582 873 ut
1628 816 1995 891 quicumque
2043 826 2213 877 recu

537 910 552 925 ‘
591 890 746 961 fide,
788 912 858 949 ac
902 912 1048 949 vera
1087 892 1313 966 pietate
1357 890 1567 949 iisdem
1618 912 1760 950 usus
1804 891 2030 965 fuerit,
2082 891 2211 952 haec

589 967 792 1039 dona,
831 988 900 1025 ac
935 966 1233 1028 beneficia
1274 978 1701 1043 consequatur.

662 1069 714 1123 I.
757 1070 840 1125 Ut
877 1076 1122 1141 aspectu
1156 1108 1172 1138 ,
1226 1063 1323 1125 vel
1365 1076 1651 1127 contactu
1696 1066 1859 1141 Agni
1906 1067 1969 1125 in
2022 1067 2212 1127 cereis

587 1136 707 1199 illis
736 1140 944 1200 formis
967 1144 1241 1218 impressi
1264 1189 1279 1217 ,
1321 1144 1659 1201 excitentur
1695 1140 1929 1202 Fideles
1968 1142 2047 1203 ad
2080 1166 2211 1203 me-

591 1219 890 1277 moranda
925 1218 1042 1277 sub
1082 1240 1154 1277 eo
1185 1218 1463 1294 symbolo
1488 1219 1947 1295 Redemptionis
1988 1233 2211 1282 nostrae

589 1297 882 1367 mysteria
913 1340 932 1366 ‚
985 1300 1415 1374 conceptisque
1461 1298 1623 1373 grati
1660 1298 1847 1356 animi
1892 1297 2209 1372 sensibus„

591 1373 878 1433 Divinam
924 1374 988 1433 in
1031 1394 1141 1434 nos
1180 1376 1526 1437 Bonitatem
1564 1372 1931 1443 benedicant
1960 1417 1975 1443 ,
2028 1390 2209 1437 veness

576 1450 815 1522 ‚rentur
837 1494 854 1521 ‚
891 1470 960 1509 ac
984 1449 1291 1541 ‚diligant3
1318 1449 1575 1513 fidentes
1599 1443 1729 1513 fore
1753 1490 1769 1525 ‚
1808 1461 1879 1511 ut
1904 1472 2015 1528 per
2042 1472 2208 1521 eam,

595 1536 986 1602 peccatorum
1030 1548 1273 1589 veniam
1303 1528 1656 1601 obtineant,
1688 1539 1752 1590 et
1784 1527 2049 1589 maculas
2084 1547 2209 1591 om·

595 1623 705 1663 nes
745 1602 1116 1681 abstergant.
1964 1604 1975 1612 '

671 1684 756 1739 II.
799 1686 881 1743 Ut
929 1682 1008 1741 ad
1048 1682 1325 1743 vivificae.
1355 1674 1568 1751 Crucis
1613 1682 1850 1757 signum
1892 1680 1961 1741 in
2001 1680 2215 1742 iisdem

597 1758 808 1817 Cereis
869 1759 1227 1835 impressum
1278 1756 1531 1834 maligni
1573 1756 1831 1835 Spiritus
1888 1760 2213 1819 contremi-

598 1844 805 1904 scant,
859 1846 922 1894 et
960 1836 1231 1913 fugiant,
1274 1836 1569 1897 facessant
1616 1834 1975 1911 grandines,
2021 1834 2215 1897 subsi.

598 1906 751 1970 dant
800 1912 968 1971 venti
1014 1954 1028 1973 .
1093 1912 1487 1989 dissipentur'
1524 1898 1841 1986 tonitrua,
1887 1909 2219 1989 abigantur

599 1986 912 2061 turbium,
955 1987 1198 2071 fulgura
1219 2033 1237 2062 ‚
1287 1998 1351 2049 et
1392 1998 1800 2065 tempestates.

675 2087 786 2143 111.
830 2089 914 2144 Ut
972 2088 1202 2147 Divinae
1262 2078 1705 2144 benedictionis
1760 2086 2035 2154 virtute,
2091 2103 2219 2145 non

589 2160 968 2233 ‚praevaleant
1007 2157 1323 2223 diabolicas
1351 2160 1595 2223 fraudes
1620 2202 1638 2231 ,
1678 2162 1942 2235 insidia,
1982 2171 2045 2221 et
2079 2172 2215 2221 teu·

601 2239 882 2297 tationes.
1604 2278 1611 2287 ·

676 2318 784 2373 IV.
823 2320 906 2375 Ut
931 2316 1347 2377 Parturientes
1376 2326 1521 2375 cum
1552 2314 1700 2373 foetn
1726 2302 2069 2378 incolumes
2094 2334 2219 2375 ser·

601 2401 864 2461 ventur,
907 2412 1169 2468 eumque
1210 2390 1468 2451 feliciter
1509 2393 1573 2451 in
1624 2389 1839 2451 lucem
1870 2392 2187 2451 emittant.

589 2510 598 2517 -
676 2471 752 2525 V.
791 2472 892 2530 Ut,
911 2469 1122 2529 iisdem
1161 2469 1383 2529 devote
1422 2470 1621 2531 utenti
1658 2466 1824 2529 nulla
1866 2468 2223 2529 dominetur

599 2541 933 2603 adversitas
965 2589 984 2619 ‚
1057 2544 1237 2607 nulla:
1274 2556 1493 2605 noceat
1546 2544 1896 2621 pestilentia
1925 2588 1942 2615 ‚
1986 2546 2223 2605 aerisve

594 2624 913 2697 corruptio
940 2666 956 2691 ‚
993 2620 1198 2683 nullus
1244 2620 1565 2682 comitialis
1614 2620 1863 2681 morbus
1910 2642 2053 2681 eum
2089 2641 2221 2681 cor·

594 2699 834 2773 ripiat3
880 2696 1050 2759 nulla
1095 2702 1278 2759 maris
1318 2708 1682 2776 tempestas,
1734 2696 1973 2761 nullum
2014 2700 2222 2759 incen-

486 2790 502 2805 ’
545 2796 568 2809 ··
597 2774 768 2835 dium
802 2822 820 2845 ‚
872 2774 1042 2836 nulla
1091 2776 1415 2839 inundatio
1450 2822 1467 2850 ‚
1519 2772 1686 2840 nulla
1732 2774 2027 2838 advel'ssffss
2080 2793 2225 2841 Qum

595 2852 930 2928 pra-valeat
970 2852 1329 2931 malignitas.
2000 2900 2013 2913 .

593 2981 606 2991 ·
646 2948 778 3003 -vt
823 2948 908 3003 Ut
941 2946 1002 3005 in
1028 2947 1373 3023 prosperis,
1416 2942 1809 3019 adversisque
1844 2938 2091 3001 casibus
2118 2942 2225 3001 ni-

597 3019 740 3078 vina
800 3026 1184 3094 protectione
1226 3023 1541 3081 muniatur
1583 3042 1601 3095 3
1658 3020 1739 3079 ab
1792 3018 2082 3078 humanis
2128 3016 2227 3079 vel

595 3092 911 3156 diabolicis
959 3099 1195 3156 insidiis
1223 3140 1237 3166 ,
1294 3118 1329 3156 a
1370 3097 1690 3157 subitanea
1722 3142 1738 3171 ‚
1782 3106 1843 3155 et
1886 3098 2226 3171 improvisa

595 3181 796 3230 morte
823 3217 839 3244 ‚
887 3194 920 3234 a
961 3176 1193 3233 cunctis
1240 3173 1507 3251 denique
1548 3172 1723 3233 malis
1756 3219 1773 3247 ‚
1826 3185 1887 3232 et
1926 3172 2223 3249 periculis

599 3241 898 3308 liberetur
925 3296 941 3324 ,
979 3270 1090 3329 per
1119 3251 1308 3327 Vitia,
1336 3272 1423 3311 ·ac
1461 3252 1759 3312 Passionis
1801 3254 1941 3310 Jesu
1982 3250 2219 3311 Christi

597 3329 906 3401 mysteria.
