2442 3992
604 155 728 245 570
1195 122 1637 220 Arrsivmx.

341 280 413 341 N,
439 276 546 341 IV.
603 280 790 347 atque
817 266 997 327 etiam
1033 260 1367 331 Ecclesia,
1391 280 1501 321 nec
1544 278 1669 318 non
1706 252 1975 327 Calices,
2018 263 2083 315 et
2116 256 2221 316 Pa·

607 358 831 418 terias,
883 340 1283 413 benedicendi
1342 343 1731 413 Campanam
1788 344 1854 392 et
1904 348 2225 393 sacrarum

606 420 1112 501 suppellectilium
1158 415 1645 483 benedictiones,
1685 413 1747 469 in
1786 408 2015 487 quibus
2052 430 2227 471 sacra

608 503 832 562 L'nctio
875 520 996 559 nou
1033 497 1369 574 requiritur
1388 538 1407 565 ,
1442 486 1813 565 simplicibus
1846 486 2231 561 Presbyteris

609 576 924 651 delegandi
965 596 985 651 3
1039 573 1427 652 eiusdemque
1491 568 1830 629 Vicariatus
1892 564 2179 623 subditos
2204 604 2227 630 ,

479 678 514 721 .·
611 664 780 715 certo
821 654 1110 729 temporis
1141 650 1337 727 spatio
1376 646 1639 706 durante
1660 687 1677 709 ,
1705 644 1832 702 sive
1860 661 1971 717 per
2004 660 2109 713 se,
2146 642 2227 700 si·

611 752 688 793 ve
716 752 828 809 per
855 730 1106 789 idoneos
1141 726 1552 788 confessarios
1590 742 1625 779 a
1666 720 1935 779 censuris
1967 728 2230 793 propter

612 808 886 869 lnaeresim
915 818 1223 866 externam
1264 804 1519 861 incursis
1546 840 1561 867 ‚
1586 818 1701 873 pro
1743 795 1877 855 foro
1904 798 2227 855 conscien-

612 896 712 945 tiae
735 930 751 957 ‚
793 884 854 944 in
903 895 1040 943 actu
1083 877 1530 943 sacramentalis
1578 872 1983 935 confessionis
2019 869 2221 931 absol-

611 962 948 1023 vendi.Nos
965 964 1170 1037 itaque
1183 958 1291 1017 has
1306 960 1487 1015 etiam
1504 972 1717 1011 omncs
1732 946 2055 1009 facultates
2069 969 2229 1025 prae·

611 1041 778 1099 dicto
829 1037 1050 1097 Cat-olo
1097 1037 1341 1096 Vicario
1370 1028 1717 1110 Apostolico
1774 1030 1835 1086 in
1882 1038 2229 1087 memorata

610 1115 956 1191 Aquileien.
1007 1113 1288 1173 Dioecesis
1320 1120 1493 1186 parte
1526 1126 1637 1183 per
1667 1109 1825 1176 Nos,
1856 1114 1929 1163 ut
1972 1103 2225 1178 prafer-

609 1203 716 1252 tur
741 1238 757 1264 ,
799 1192 1094 1267 deputato
1113 1234 1130 1262 ,
1157 1189 1429 1249 tribuere
1450 1193 1861 1261 opportunum
1903 1179 2225 1255 ducimus3

600 1282 678 1328 -et
711 1290 842 1329 eam
874 1270 1124 1346 quidem
1157 1262 1509 1327 absolvendi
1534 1260 1613 1320 ab
1638 1258 1847 1319 haeresi
1868 1300 1881 1321 ‚
1919 1255 1999 1315 ad
2030 1258 2227 1315 trien·

610 1348 780 1406 nium
845 1346 1152 1417 tenturus
1191 1364 1317 1421 quo
1354 1340 1573 1415 elapso
1596 1382 1615 1411 ,
1652 1335 1731 1395 ad
1796 1334 1953 1395 hanc
2008 1333 2225 1393 Sedem

609 1421 1012 1501 Apostolicam
1056 1441 1172 1499 pro
1217 1419 1494 1479 ulteriori
1534 1414 1999 1492 prorogatione,
2038 1412 2095 1469 si
2138 1412 2223 1469 ita

611 1500 930 1577 expediens
975 1501 1169 1561 visum
1219 1497 1437 1567 suerit,
1484 1510 1797 1553 recursum
1846 1485 2078 1547 hahere
2114 1507 2221 1563 po·

610 1581 791 1654 terit3
833 1575 1094 1653 reliquas
1125 1581 1329 1635 autem
1354 1570 1629 1647 superius
1660 1584 1995 1644 expressas,
2018 1563 2225 1639 quoad

611 1654 673 1713 in
721 1654 1066 1731 hujusmodi
1123 1653 1465 1713 vicariatus
1516 1642 1731 1706 Officio
1782 1642 2223 1719 permanserit,

607 1731 772 1791 dicta
839 1731 1235 1802 auctoritate,
1304 1736 1369 1787 et
1426 1720 1763 1786 earundem
1829 1720 2225 1796 praesentium

609 1818 861 1879 tenore,
893 1804 1281 1866 concedimus
1311 1814 1373 1863 et
1412 1800 1817 1877 impertimur.

684 1882 738 1960 S.
781 1880 841 1941 6.
879 1888 953 1943 Et
985 1884 1271 1959 quoniam
1306 1882 1371 1939 in
1412 1877 1677 1957 praefatis
1714 1874 1955 1935 Litteris
1987 1874 2225 1934 Nostris

519 1960 530 1972 ⁸
608 1979 790 2035 super
815 1962 1267 2020 Constitutione
1306 1956 1487 2035 hujus
1518 1953 1861 2019 vicariatus
1898 1954 1961 2009 in
2000 1970 2225 2025 genere

609 2035 821 2108 editis,
867 2038 1030 2095 inter
1075 2035 1190 2095 alia
1221 2078 1237 2108 ,
1291 2034 1518 2093 dictum
1552 2050 1665 2107 per
1698 2034 1817 2089 Nos
1860 2029 2011 2095 fuit,
2056 2026 2227 2105 quod

609 2115 695 2184 is,
747 2115 854 2191 qui
905 2113 982 2172 ad
1023 2111 1373 2191 hujusmodi
1426 2128 1649 2169 munus
1692 2103 2081 2181 deputandus
2132 2106 2223 2167 fo—

608 2201 740 2264 ret,
785 2192 848 2249 in
877 2193 1002 2250 vim
1040 2190 1419 2249 auctoritatis
1450 2208 1485 2245 a
1532 2182 1715 2245 Nobis
1756 2193 1819 2241 et
1846 2181 1927 2243 ab
1962 2189 2221 2257 Aposto-

606 2264 724 2325 lica
761 2266 914 2327 Sede
957 2266 1072 2327 sibi
1113 2263 1457 2341 delega'ndae
1484 2304 1501 2335 ,
1550 2264 1613 2321 in
1667 2259 1812 2319 locis
1870 2258 2227 2335 huiusmodi

607 2344 940 2403 Vicariatui
995 2340 1415 2415 subiiciendis,
1460 2341 1663 2399 omnin
1704 2334 1805 2396 illa
1856 2336 2075 2411 exequi
2116 2334 2225 2395 de·

604 2416 812 2486 beret,
857 2428 982 2477 tam
1035 2438 1170 2495 quae
1215 2419 1292 2479 ad
1333 2416 1665 2485 Ordinem,
1726 2414 1911 2491 quam
1962 2433 2100 2489 quae
2142 2412 2223 2473 ad

601 2494 1078 2570 jurisdictionem
1104 2498 1445 2571 pertinent,
1482 2509 1877 2570 qua-cumque
1895 2512 1931 2549 a
1954 2491 2221 2551 Patriar·

489 2608 496 2613 ·
601 2570 718 2631 cha
755 2568 1150 2647 Aquileiensi,
1180 2583 1491 2649 tamquam
1516 2568 1878 2639 Ordinario,
1904 2569 1969 2625 in
2004 2565 2221 2626 iisdem

567 2712 574 2731 ι
603 2649 885 2707 Dioecesis
922 2666 1044 2707 suae
1079 2647 1225 2708 locis
1268 2650 1591 2707 Austriacae
1636 2645 1852 2704 ditioni
1888 2642 2219 2720 subjectis,

601 2722 849 2797 fierent,
891 2734 954 2785 et
987 2736 1451 2794 exercerentur,
1490 2726 1601 2783 nisi
1642 2723 1793 2798 ipsi,
1827 2720 1911 2780 ob
1950 2722 2221 2797 vigentes

598 2802 998 2863 dissensiones
1015 2814 1154 2862 actu
1173 2802 1529 2879 impeditum
1548 2810 1703 2861 esset
1729 2797 1953 2857 ibidem
1972 2798 2215 2874 iurisdi-

599 2882 802 2955 ctione
815 2900 924 2939 sua
943 2882 1059 2953 uti3
1079 2902 1190 2957 per
1210 2898 1344 2958 quae
1362 2899 1424 2938 sa
1434 2878 1507 2937 ne
1524 2898 1655 2937 eam
1676 2876 2216 2935 auctoritatemVi·

597 2958 766 3015 cario
807 2956 1148 3031 Apostolico
1177 2959 1241 3015 in
1280 2956 1547 3033 praefatis
1587 2954 1729 3013 locis
1762 2950 2217 3012 concedendam

597 3030 728 3121 fore
781 3034 1133 3121 statuimus,
1194 3051 1328 3109 quae
1387 3029 1747 3092 Patriarchae
1795 3028 2215 3106 Aquileiensi,

597 3117 692 3165 uti
751 3110 1078 3184 Episcopo,
1135 3120 1200 3168 et
1250 3108 1577 3170 Ordinario
1628 3105 1801 3167 locali
1848 3106 2214 3179 dumtaxat,

599 3203 726 3243 non
789 3184 938 3243 verb
978 3204 1109 3262 quae
1146 3184 1267 3258 illi,
1326 3198 1639 3264 tamquam
1696 3183 2213 3259 Meti-cpolitano,

597 3270 944 3335 competere
995 3273 1243 3338 potest3
1300 3263 1569 3338 Idipsum
1628 3280 1829 3328 nunc,
1890 3263 2015 3320 una
2076 3280 2215 3319 cum

599 3336 869 3426 reliquis·
903 3339 1184 3401 omnibus
1244 3342 1305 3400 in
1377 3340 1555 3399 dictis
1598 3337 1906 3415 prioribus
1974 3338 2217 3397 Litteris

597 3422 900 3477 contentis
923 3461 939 3490 ,
967 3420 1354 3509 praesentium
1386 3428 1598 3477 tenore
1628 3414 2061 3477 confirmamus
2082 3460 2098 3487 ,
2122 3424 2213 3473 at·
