2442 3992
635 120 761 184 410
1114 115 1792 182 SUfiPmMENTUM.

406 241 473 298 Ν.
497 243 577 300 11,
634 231 825 289 rimus
850 245 1031 304 super
1061 245 1173 296 en,
1194 246 1273 286 an
1292 225 1470 284 liceat
1536 243 1648 284 nec
1669 244 1746 285 ne
1766 268 1782 296 ‚
1807 226 2078 284 Crucem
2093 223 2244 288 octo·

630 325 855 382 gonam
908 304 1034 364 albi
1084 300 1307 362 coloris
1348 271 1762 363 Cardinalitiae
1811 306 2122 361 Mozzettae
2163 323 2248 362 su-

633 385 1089 460 perimponere,
1126 379 1419 457 quoniam
1460 399 1586 437 una
1625 389 1712 437 est
1763 377 2127 455 hujusmodi
2167 383 2248 439 in-

634 459 912 520 dumenti
951 459 1141 530 ratio,
1178 459 1308 518 sive
1350 479 1386 516 a
1425 455 1790 516 Patriarehis
1815 498 1830 526 ‚
1873 457 2014 516 sive
2045 477 2082 514 a
2115 462 2252 518 Car·

546 537 553 544 ’
635 536 941 596 dinalibus
984 535 1332 608 deferatur,
1372 537 1491 594 Nos
1531 538 1718 592 etiam
1749 532 2138 609 exsequendo
2167 555 2254 594 re.

634 613 1067 690 spondebimus
1088 657 1105 684 ,
1136 610 1364 671 silentii
1397 613 1592 670 nostri
1635 608 1876 686 culpam
1905 611 2262 672 adscriben—

634 691 779 751 dam
818 711 944 750 esse
988 689 1294 749 modestiae
1335 699 1458 748 tuae
1520 703 1556 746 ε·
1583 690 1726 763 qui,
1775 686 1920 746 licet
1965 698 2102 748 toto
2147 688 2262 748 hoo

634 768 1288 844 temporefoequentes
1325 765 1402 824 ad
1444 769 1566 826 Nos
1597 765 1796 825 aditus
1831 763 2162 838 habueris,
2187 765 2300 840 de,

634 843 751 904 hac
778 866 845 904 re
882 865 1197 922 nunquam
1231 846 1348 902 Nos
1382 838 1732 919 appellasti,
1769 841 1920 901 dum
1955 841 2150 906 Nobis
2171 843 2257 902 in·

634 931 802 982 terea
842 920 1046 982 multis
1092 919 1424 997 arduisque
1465 920 1720 994 negotiis
1753 931 2124 996 occupatam
2156 939 2254 996 op·

630 1018 1021 1076 pressamque
1062 1007 1334 1056 mentem
1373 996 1758 1072 gerentibus,
1800 1005 1987 1056 vetus·
2023 999 2254 1056 instan-

633 1077 721 1134 tia
767 1086 875 1134 tua
918 1074 1214 1134 memoria
1264 1074 1590 1133 exciderat.
1644 1077 1854 1148 Neque
1911 1074 2072 1134 vero
2104 1072 2258 1134 hanc

632 1151 856 1211 iterum
880 1170 991 1228 per
1016 1156 1135 1212 Nos
1161 1149 1242 1210 ad
1281 1171 1530 1212 examen
1567 1149 1878 1220 revocari,
1915 1171 1988 1210 ac
2015 1151 2256 1211 definiri

632 1224 833 1288 foi-san
856 1230 1224 1306 ,contigisset
1243 1273 1260 1300 ‚
1291 1229 1408 1286 nisi
1441 1228 1574 1288 duae
1613 1247 1710 1290 res
1735 1229 2214 1288 intervenissent
2234 1275 2252 1304 ,

608 1308 782 1384 'quas
815 1307 953 1365 Tibi
988 1312 1111 1384 jam
1146 1324 1533 1382 exponemus.
2018 1327 2036 1375 ῃ

328 1413 373 1462 1,
402 1408 609 1476 Epium,
706 1381 762 1460 §-
788 1379 848 1442 8.
890 1389 1119 1444 Harum
1199 1386 1353 1442 rima
1381 1393 1472 1442 est
1490 1427 1508 1456 ,
1544 1379 1710 1458 quod
1735 1380 2068 1458 praeteritis
2088 1401 2244 1442 men·-

330 1495 427 1546 pus
461 1477 610 1528 Meli-
631 1459 797 1519 sibus
848 1403 1256 1533 Venerabilis
1281 1463 1502 1518 Frater
1548 1461 1878 1535 Episcopus
1927 1458 2254 1520 Melitensis

334 1545 498 1596 tensis
514 1561 609 1596 can
631 1541 889 1597 Romam
926 1537 1177 1598 advenit
1196 1583 1211 1608 ‚
1243 1538 1348 1616 qui
1375 1535 1604 1611 pluries
1629 1535 1704 1594 ad
1739 1533 2119 1595 audientiam
2141 1557 2250 1599 no-

332 1615 511 1664 didam
629 1625 818 1674 stram
853 1635 915 1673 se
954 1614 1252 1686 contulit,
1293 1612 1497 1673 albam
1547 1623 1912 1688 octogonam
1953 1618 2252 1686 Crucem,

330 1681 547 1758 cracem
630 1711 757 1750 non
802 1692 1047 1769 quidem
1102 1698 1402 1752 Mozzettae
1429 1737 1446 1764 ,
1479 1689 1997 1768 quemadmodum
2038 1689 2256 1750 melitae

328 1749 602 1866 Ῑῖῑρκωξξ·
631 1767 710 1826 ab
749 1769 878 1846 ipso
927 1769 1188 1828 factitari
1233 1769 1518 1828 novimus
1542 1813 1560 1838 ,
1607 1767 1764 1841 (nec
1802 1769 1970 1826 enim
2009 1769 2250 1844 Episco-

326 1817 498 1934 ἓξὲξ,
515 1835 605 1934 ⁰¹²:
628 1849 755 1920 pis,
811 1857 1219 1922 praeterquam
1285 1843 1648 1904 Patriarchis
1669 1886 1684 1912 ‚
1743 1841 1978 1903 licitum
2035 1855 2128 1904 est
2189 1847 2256 1906 in

330 1952 492 2001 terius
532 1968 605 2001 33,
627 1921 801 2001 Urbe.
830 1929 1184 1982 Mozzettam
1212 1921 1504 1998 induere)
1531 1963 1546 1989 ,
1583 1920 1688 1979 sed
1727 1919 2120 1982 Mantellettae
2145 1941 2248 1999 pa..

330 2025 538 2079 autam,
628 2009 830 2058 tenter
860 2012 1128 2060 assutam
1170 1997 1490 2064 deferens.⁴
1513 1999 1842 2075 Episcopus
1877 2010 2085 2059 autem
2125 1997 2250 2058 Me.

328 2085 484 2134 etiam
511 2073 893 2150 Ro-litensi8‚
935 2088 1005 2136 ut
1050 2078 1247 2149 nosti,
1284 2074 1618 2152 Religiosus
1663 2074 1968 2136 Professus
2007 2086 2098 2135 est
2135 2078 2250 2135 Mi-

329 2169 423 2204 mae
442 2153 605 2206 defert
626 2150 769 2213 litiae
794 2153 1345 2228 Jerosolymitanae:
1377 2171 1638 2227 cumque
1663 2153 1742 2212 ab
1761 2152 1978 2212 ordine
1994 2164 2059 2213 et
2079 2163 2252 2214 statu

626 2232 860 2289 Fratris
896 2229 1288 2307 cappellani,
1332 2239 1401 2288 ut
1445 2233 1706 2302 vocant,
1747 2229 1826 2288 ad
1867 2228 2251 2291 Melitensem

625 2309 1053 2382 Episcopatum
1092 2308 1420 2369 assumitur
1444 2351 1461 2380 ,
1481 2305 1759 2382 'gradum
1791 2315 1854 2365 et
1885 2305 2250 2384 qualitatem

625 2387 949 2442 Procerum
994 2391 1224 2460 Magnae
1260 2384 1472 2444 Crucis
1519 2387 1584 2443 in
1623 2381 1938 2459 Religione
1979 2383 2254 2445 obtinet.-

626 2464 834 2535 Neque
860 2460 1007 2520 verb
1033 2461 1167 2534 hic,
1194 2461 1271 2520 de
1301 2479 1424 2537 quo
1460 2463 1698 2536 agimus
1714 2505 1730 2533 ,
1755 2462 1990 2538 primus
2012 2473 2102 2520 est
2121 2469 2243 2524 Me-

622 2534 934 2595 litensium
958 2540 1390 2614 Episcoporum
1411 2583 1426 2609 ‚
1462 2539 1567 2614 qui
1595 2541 1852 2599 Romam
1875 2537 2202 2598 advenerit
2221 2582 2244 2611 ‚

712 2615 849 2691 ique
880 2633 949 2671 ea
980 2615 1252 2686 ratione,
1287 2633 1479 2690 eoque
1515 2614 1728 2676 habitu
1758 2635 1823 2685 se
1863 2617 2242 2692 conspicien-

621 2635 770 2750 ἔξω
804 2690 1155 2768 praebuerit.
1195 2691 1362 2752 Alios
1401 2693 1522 2750 Nos
1561 2693 1710 2768 ipsi,
1748 2689 1998 2751 dum-in
2045 2695 2244 2754 mino-

624 2768 793 2828 ribus
824 2768 1250 2842 versabamur,
1279 2771 1342 2828 in
1373 2767 1544 2828 Urbe
1562 2769 1850 2842 vidimuS,
1877 2781 2248 2845 octogonam

628 2852 888 2906 Crucem
930 2846 1272 2909 deferentes
1295 2890 1310 2918 ,
1350 2865 1474 2904 non
1511 2847 1683 2905 secus
1711 2866 1780 2904 ac
1809 2865 2077 2922 praesens
2103 2851 2244 2924 Epi-

623 2944 837 2998 scopus
876 2923 1094 2983 defert.
1131 2929 1205 2982 Et
1241 2921 1488 3002 quidem
1529 2923 1820 2982 memoria
1861 2925 2200 2984 retinemus
2219 2970 2240 2999 ,

621 3021 656 3058 a
696 2999 843 3056 bon.
893 3021 1073 3060 mem.
1113 2997 1366 3061 Praesule
1407 2999 1848 3060 Gambaruccio
1893 3001 2246 3062 Pontificia·

526 3113 537 3126 «
619 3097 757 3134 rum
789 3077 1304 3136 Caeremoniarum
1333 3077 1616 3136 Praefecto
1643 3087 1791 3136 tunc
1818 3079 2113 3139 existente
2132 3123 2150 3153 ,
2177 3081 2245 3140 iu

617 3155 1099 3212 controversiam
1154 3165 1508 3215 revocatum
1549 3154 1766 3226 fuisse,
1815 3175 1896 3214 an
1940 3157 2248 3234 Episcopo

618 3229 873 3299 Melitae,
916 3231 1020 3304 qui
1066 3240 1211 3289 tunc
1249 3235 1502 3290 Romam
1553 3231 1886 3292 advenerat
1915 3275 1931 3301 ,
1979 3237 2242 3310 permit-

617 3308 799 3366 tenda
866 3315 1019 3364 esset
1066 3305 1414 3384 hujusmodi
1472 3311 1684 3368 Crucis
1721 3308 1995 3386 delati03
2095 3331 2249 3375 uam

616 3385 862 3472 quidem
886 3381 975 3443 illi
1000 3396 1342 3462 competere
1365 3385 1624 3462 putabat
1647 3389 1730 3447 ifi‘
1745 3385 1952 3450 Insula
1977 3394 2077 3474 Me
2106 3390 2206 3450 itae
2221 3435 2240 3470 ,
