2442 3992
459 284 500 349 1?
517 302 548 337 o
567 261 598 337 iu
616 300 668 339 τ.

459 356 525 405 A.
541 353 662 411 ΧΠ.

728 165 848 237 ι88
1252 160 1641 233 ΒΕΝΕυιοτῙ
1675 156 1856 233 xlv.

718 279 980 347 suanus,
1009 274 1202 336 sciens
1234 274 1398 337 bnn'a
1426 273 1529 337 illa
1566 271 1840 335 Ecclesiae
1868 274 2023 346 e'sse,
2064 270 2335 335 alienam·

718 373 850 413 rem
874 350 1033 413 mala
1071 348 1192 411 fide
1219 352 1587 429 possideret3
1623 362 1757 412 tum
1796 352 1941 429 quia
1974 370 2101 411 non
2125 354 2335 427 potuit

716 426 985 494 Iufldelis
1004 440 1217 506 raptor
1236 432 1299 491 in
1330 440 1667 507 emptorem
1687 428 2111 489 Christianum
2136 438 2335 487 trans·

718 506 881 567 ferre
925 512 1022 583 ius
1061 512 1255 584 majus
1288 504 1430 574 illo.
1471 504 1636 582 quod
1670 506 1921 582 ipsemet
1954 502 2339 585 inbonandi·

717 583 970 647 vendita
1006 581 1275 645 habebat
1318 602 1335 644 τ
1388 580 1535 643 Ideo
1580 602 1695 656 ue,
1730 584 1781 641 si
1829 580 2154 651 venditor,
2236 601 2331 641 ro-

715 672 856 750 pter
887 660 1114 737 rapinae
1153 662 1369 720 vitium
1389 703 1407 727 ,
1440 657 1549 719 nul
1577 679 1680 719 um
1706 660 1959 719 omnino
1982 662 2083 733 ius
2246 660 2331 716 uit

713 758 781 800 an
812 756 942 798 rem
993 734 1295 799 violenter
1328 733 1595 795 ablatam
1614 780 1641 806 ,ὅ
1680 747 2079 811 occupatam,
2122 742 2189 791 et
2232 752 2334 809 po-

716 823 846 873 stea
899 810 1315 889 divenditam3
1356 811 1443 872 uil
1482 812 1717 888 pariter
1754 813 1905 888 juris
1937 812 2005 871 in
2056 808 2333 873 eamdem

712 909 846 951 rem
883 890 1267 964 acquisivisse
1300 886 1591 950 dicendus
1628 897 1721 949 est
1740 929 1759 958 ,
1800 890 1905 964 qui
1940 907 2075 947 eam
2103 905 2332 947 merca·

715 977 814 1027 tus
854 964 972 1026 fuit
1006 986 1026 1025 ε
1063 970 1219 1034 Tum
1273 964 1567 1043 denique,
1611 966 1753 1041 quia
1794 961 2333 1041 regula‘generalis

594 1038 606 1047 ’
716 1054 848 1114 est,
889 1040 1052 1117 quod
1103 1044 1286 1102 etiam
1322 1039 1467 1114 ine,-
1502 1043 1611 1121 qui
1648 1041 1801 1110 ¹furti
1837 1044 2084 1117 ignarus
2118 1060 2159 1099 a
2200 1038 2332 1099 fure

715 1117 948 1195 aliquid
987 1120 1168 1193 emit,
1203 1122 1267 1182 in
1296 1118 1431 1179 foro
1468 1119 1851 1179 conscientiae
1882 1117 1963 1177 ad
1998 1117 2330 1196 restitutio·

714 1214 858 1255 nem
898 1203 1142 1258 tenetur
1164 1240 1180 1267 ‚
1226 1192 1410 1255 simul
1435 1216 1505 1255 ac
1542 1216 1725 1257 verus
1768 1193 2197 1269 legitimusque
2226 1191 2330 1251 do·

711 1272 918 1331 minus
975 1273 1263 1333 occurrit.
1331 1272 1578 1333 Invehi't
1635 1270 1855 1331 deinde
1900 1271 1963 1329 in
2016 1289 2158 1341 eos,
2230 1271 2333 1346 qui

713 1368 903 1423 quum
937 1344 1016 1409 ab
1047 1345 1405 1409 Infidelibus
1445 1348 1681 1426 aliquid
1713 1348 1791 1407 ad
1832 1344 2157 1407 Ecclesiam
2278 1367 2330 1405 r·

710 1424 916 1484 tineus
965 1426 1214 1485 mercati
1254 1426 1379 1484 sint
1402 1469 1419 1495 ‚
1457 1425 1648 1485 debiti
1690 1426 1783 1485 sui
1830 1434 2035 1501 partes
2077 1424 2159 1499 im
2234 1442 2330 1483 ere

709 1518 776 1559 se
811 1510 1069 1577 putant,
1105 1500 1156 1559 si
1206 1500 1539 1574 Parochos‚
1586 1500 1665 1561 ad
1716 1520 1981 1577 quorum
2036 1502 2155 1559 Ecc
2182 1501 2331 1559 esias

710 1595 808 1636 res
841 1586 1056 1652 emptae
1091 1579 1439 1653 pertinent,
1478 1577 1557 1637 ad
1594 1579 1875 1639 convivia
1910 1587 1971 1637 et
2004 1596 2213 1637 coenas
2240 1577 2326 1637 in·

677 1654 931 1714 -vitent.
978 1656 1114 1714 Non
1150 1656 1383 1717 omittit
1409 1658 1585 1715 Pater
1608 1674 1645 1713 a
1676 1659 1873 1714 Breno
1906 1671 2063 1729 saepe
2100 1672 2327 1713 memo·

441 3086 539 3140 sed
572 3104 684 3155 quae

403 3156 550 3223 prins
609 3171 682 3205 re-

333 3274 338 3285 ,
402 3226 485 3275 cte
495 3221 686 3275 consti·

403 3294 592 3409 :1²:553
606 3323 628 3357 ’

709 1736 1120 1791 rata·Decrete
1146 1750 1311 1791 anno
1341 1728 1508 1791 1630.
1530 1728 1780 1793 condita
1804 1740 2327 1800 'commemorare;

708 1805 816 1867 sed
866 1826 938 1867 ea
979 1806 1290 1883 pertinere
1326 1816 1532 1867 censet
1571 1804 2005 1867 tantummodo
2044 1805 2127 1865 ad
2167 1803 2329 1867 bona

708 1880 961 1943 mobilia
999 1904 1037 1941 a
1061 1884 1275 1960 piratis
1312 1892 1521 1960 capta,
1558 1902 1628 1943 ac
1656 1882 1800 1943 inde
1840 1882 2209 1943 Christianis
2240 1883 2325 1943 di·

707 1960 959 2021 vendita
979 2002 997 2034 ,
1021 1978 1287 2035 quorum
1307 1979 1490 2020 verus
1518 1957 1803 2021 dominus
1828 1959 2061 2037 sperari
2080 1962 2325 2037 nequit,

708 2047 783 2095 nt
809 2036 885 2097 ad
901 2056 972 2097 ea
998 2036 1357 2097 redimenda
1378 2046 1749 2113 compareat»
1782 2038 2057 2113 Denique
2080 2034 2203 2097 sibi
2220 2035 2321 2096 ob-

706 2114 839 2189 iicit
854 2158 872 2187 ‚
905 2113 1072 2191 quod
1101 2114 1212 2190 qui
1240 2124 1559 2183 numerata
1581 2114 1841 2189 pecunia
1865 2112 1945 2173 ab
1968 2110 2329 2173 Infidelibus

709 2192 858 2250 emit
893 2188 1164 2250 Ecclesiae
1188 2190 1353 2251 bona
1370 2236 1388 2264 ,
1418 2210 1547 2249 rem
1574 2191 1770 2250 eidem
1806 2187 2085 2249 Ecclesiae
2112 2188 2329 2249 utilem

705 2269 956 2341 gesserit
980 2288 998 2341 ς
1028 2268 1287 2344 ideoque
1319 2288 1447 2327 non
1480 2264 1679 2327 solum
1714 2265 1951 2327 nullum
1978 2265 2205 2326 exinde
2226 2265 2325 2325 da·

705 2363 926 2403 mnum
965 2344 1125 2418 pati,
1170 2345 1387 2405 veriun
1424 2345 1607 2405 etiam
1636 2341 1934 2418 aliquam,
1964 2343 2014 2401 si
2050 2342 2191 2403 fieri
2214 2362 2327 2419 po-

707 2429 862 2491 test,
907 2417 1237 2479 utilitatem
1270 2422 1581 2497 percipere
1621 2418 1841 2480 debeat
1874 2441 1893 2479 2
1934 2418 2326 2479 Huic-autem

706 2504 1070 2571 argumento
1111 2496 1470 2571 respondet,
1519 2507 1879 2574 emptores„
1908 2494 2017 2571 qui
2069 2514 2209 2557 rem
2252 2494 2326 2557 ab

703 2570 1062 2631 Infidelibus
1099 2571 1501 2643 redemerint,
1542 2573 1605 2632 id
1654 2570 2054 2633 emolumenti
2094 2591 2171 2633 ex
2206 2592 2322 2633 em-

703 2650 914 2725 ptione
945 2650 1160 2723 ca'pere
1177 2692 1194 2722 ,
1227 2658 1298 2707 ut
1318 2647 1399 2707 ab
1424 2648 1685 2709 Ecclesia
1709 2648 1977 2726 pretium
2006 2657 2327 2725 repetant,

705 2734 816 2785 aut
844 2723 922 2784 ad
961 2722 1231 2801 aliquam
1254 2744 1399 2783 cum·
1440 2727 1567 2803 ipsa
1596 2726 2101 2803 compositionem
2134 2724 2319 2787 deve·

703 2802 880 2861 uiant
915 2823 933 2861 z
971 2802 1253 2859 Ementee
1284 2800 1437 2862 bona
1470 2803 1759 2863 Ecclesiae
1782 2800 2325 2879 abusurpacon'bus

703 2876 1050 2951 Infidelz'hus
1066 2918 1088 2943 ,
1145 2878 1435 2935 restituere
1494 2877 1733 2957 quidem
1784 2888 2058 2935 tenentur
2070 2922 2105 2967 ⁹.
2137 2898 2320 2957 quum

703 2962 818 3010 sua
861 2953 1013 3013 bona
1047 2952 1153 3011 illa
1186 2974 1307 3011 non
1336 2957 1457 3013 sint
1473 2998 1489 3029 ‚
1530 2954 1641 3012 ced
1682 2964 1917 3030 accepto
1940 2964 2139 3031 preca>
2167 2998 2184 3026 ‚
2224 2952 2327 3011 ‘vel
2407 2966 2408 3019 ἴ

702 3030 829 3087 alia
877 3032 1281 3107 compositione
1324 3051 1461 3089 cum
1497 3030 1781 3089 Proelatis
1824 3029 2054 3107 habita·
2088 3030 2325 3094 Veriun

703 3126 894 3185 quum
930 3112 1166 3167 Auctor
1201 3106 1281 3167 ad
1306 3106 1487 3169 aliam
1513 3128 1582 3171 ex
1615 3110 1814 3185 prima
1844 3116 2325 3184 consequentem

705 3182 1095 3261 quaestio'nem
1122 3182 1378 3259 gradum
1401 3186 1582 3245 faciat
1600 3230 1617 3256 ‚
1642 3184 1927 3245 videlicet
1953 3194 2177 3243 utrum
2202 3202 2322 3243 em·

702 3269 846 3338 ptor
881 3262 1200 3321 restituere
1246 3258 1413 3321 hona
1461 3271 1777 3334 teneatur,
1825 3261 2063 3321 etiamsi
2102 3258 2325 3321 Praesul

704 3357 817 3397 nec
842 3338 1110 3415 pretium
1133 3335 1389 3397 reddere
1406 3381 1423 3409 ,
1460 3356 1570 3395 nec
1602 3338 2107 3413 compositionem
2137 3335 2325 3397 ullam
2404 3390 2406 3419 ἱ

403 3423 609 3479 evertit.
702 3414 900 3497 facere
923 3412 1108 3485 velit,
1133 3424 1196 3475 et
1219 3412 1569 3491 hujusmodi
1593 3414 1910 3490 quaestioni
1944 3411 2319 3477 affirmative
2404 3420 2406 3495 Ι

2404 3520 2406 3648 w
