2442 3992
612 91 635 114 '
650 101 771 168 154
1132 99 1518 166 B‘Eunmcn
1563 98 1740 166 XIV.
1797 155 1812 166 .

347 221 391 276 P
412 237 451 278 o
472 237 585 277 ivr.
642 207 1094 272 necessitatibus
1132 216 1362 272 Sanctae
1394 211 1602 270 Matris
1637 205 1951 283 Ecclesiae,
1989 211 2108 272 sive
2132 230 2252 290 pro

349 288 421 345 A.
447 291 585 346 XII.
639 289 977 356 Animabus
1047 287 1488 349 Defunctorum
1548 297 1675 346 tam
1736 286 2007 363 ejusdem
2065 291 2252 349 Tertii

643 366 891 428 Ordinis
910 409 927 439 ,
950 367 1151 442 quam
1180 365 1698 440 Chordigerorum
1734 365 2122 442 praefatorum
2153 387 2246 426 re·

638 444 998 516 citaverint,
1030 453 1137 502 aut
1175 443 1422 502 devium
1452 439 1716 516 aliquem
1741 440 1819 498 ad
1859 443 2016 500 viam
2044 441 2250 503 salutis

637 520 991 580 reduxerint
1016 561 1031 592 ,
1090 529 1155 578 et
1198 521 1549 596 ignorantes
1613 528 1910 594 praecepta
1972 520 2124 591 Dei,
2187 531 2249 580 et

637 617 772 674 quae
818 597 905 656 ‘ad
944 595 1201 656 salutem
1251 605 1432 666 sunt,
1485 593 1806 653 docuerint
1836 637 1852 667 ‚
1901 596 2246 672 aut-quod-

636 694 895 751 cumque
916 672 1081 734 aliud
1110 675 1353 750 pietatis
1373 715 1390 743 ,
1430 669 1524 729 ivel
1563 670 1878 730 charitatis
1899 691 2052 746 opus
2077 693 2244 732 exer·

633 754 911 825 cuerint3
953 749 1157 810 Toties
1197 769 1310 826 pro
1344 746 1619 826 quolibet
1643 749 2076 824 praedictorum
2106 769 2244 826 ope·

632 847 769 888 rum
804 829 1122 901 exercitio,
1152 826 1469 902 sexaginta
1507 824 1632 883 dies
1683 825 1758 884 de
1803 825 2093 902 injunctis
2124 827 2246 900 eis,

632 925 739 964 seu
784 904 931 965 alias
984 900 1704 982 quomodolibet-debitis
1747 902 2122 978 poenitentiis
2147 905 2246 962 -in

630 981 828 1042 forma
866 980 1136 1040 Ecclesiae
1174 989 1460 1040 consueta
1491 977 1848 1038 relaxamus.

218 1111 231 1128 ,
419 1085 609 1136 Omne,
703 1057 759 1136 §.
787 1075 851 1137 9.
894 1057 1253 1134 Eisdemque
1308 1075 1432 1114 non
1486 1052 1684 1114 solum
1724 1053 2082 1124 Tertiariis,
2137 1055 2244 1116 sed

330 1136 815 1218 haagen-,etiam
863 1135 1252 1210 Chordigeris
1278 1177 1296 1205 ,
1340 1142 1412 1191 ut
1465 1151 1674 1192 omnes
1735 1141 1796 1190 et
1839 1128 2104 1206 singulas
2141 1137 2237 1194 In·

331 1217 430 1290 tias
465 1251 483 1283 ‚
548 1226 606 1269 ut
628 1208 968 1286 dulgentias
994 1253 1011 1284 ,
1075 1223 1137 1270 et
1200 1217 1588 1286 peccatorum
1631 1227 1736 1266 seu
1777 1227 2097 1284 poenarum
2149 1229 2237 1268 re·

327 1300 481 1349 ⁸⁰9⁰*
518 1319 535 1350 τ
625 1287 937 1348 missiones
980 1297 1041 1346 et
1078 1285 1474 1346 relaxationes
1507 1284 1900 1361 huiusmodi,
1946 1283 2026 1342 ab
2070 1286 2239 1362 ipsiS,

322 1365 585 1430 mnc?⁸³⁸,⁸
624 1373 695 1424 ut
734 1364 1089 1441 praefertur,
1131 1384 1226 1423 res
1269 1363 1458 1422 ective
1513 1360 1964 1436 consequendas
1991 1405 2008 1434 ,
2055 1365 2239 1422 etiam

324 1419 569 1482 'pploem
621 1459 733 1516 pro
784 1440 1121 1502 Animabus
1177 1444 1225 1499 C
1277 1437 1681 1500 ristifidelium
1743 1437 2182 1500 Defunctorum
2219 1485 2235 1514 ‚

318 1485 597 1602 mane*
622 1535 755 1608 quae
805 1523 931 1578 Deo
972 1519 1035 1578 in
1090 1515 1389 1576 charitate
1448 1522 1786 1594 conjunctae
1829 1535 1897 1574 ex
1939 1513 2052 1574 hac
2101 1515 2235 1577 luce

315 1615 562 1684 Purgato.
620 1593 1063 1670 migraverint,
1123 1612 1234 1670 per
1294 1593 1546 1654 modum
1609 1589 1892 1668 suffragii.
1930 1590 2234 1668 applicare

316 1683 384 1733 rii
449 1703 559 1752 per.
614 1673 882 1747 possint,
934 1669 1403 1732 misericorditer
1437 1671 1502 1730 in
1541 1669 1801 1731 Domino
1843 1669 2233 1732 concedimus

315 1750 502 1810 mittit,
616 1754 678 1809 et
716 1747 1117 1826 indulgemus.
2175 1793 2182 1800 ·

318 1830 326 1838 ‘
369 1841 593 1897 Rgvoeat
688 1827 741 1894 §.
791 1845 880 1884 ιο.
922 1824 1224 1886 Caeterum
1265 1822 1411 1882 alias
1463 1841 1672 1883 omues
1711 1833 1772 1883 et
1819 1820 2086 1898 singulas
2129 1829 2228 1885 In·

310 1923 489 1961 omnes
539 1929 587 1961 a.
612 1899 951 1978 dulgentias
996 1913 1058 1960 et
1092 1910 1478 1977 peccatorum
1521 1901 1898 1960 remissiones
1953 1903 2229 1962 Personis

305 1974 927 2056 liaslpdul-utriusque
960 1998 1131 2038 sexus
1167 1987 1292 2036 tam
1342 1969 1632 2054 praedicto
1666 1978 1872 2037 Tertio
1912 1977 2136 2036 Ordini
2166 1981 2224 2037 S.

304 2051 555 2126 3⁰⁰t¹,⁸⁸,‚
608 2058 912 2118 Francisci
963 2055 1041 2116 de
1098 2053 1282 2116 Paula
1325 2054 1680 2130 adscriptis,
1735 2056 1920 2131 quam
1963 2053 2223 2114 Chordi-

306 2109 582 2230 {⁶3:⁸3⁹
605 2134 761 2207 geris
796 2134 1089 2210 praefatis,
1134 2131 1262 2192 sive
1301 2129 1530 2191 directe
1583 2142 1642 2190 et
1673 2127 2020 2190 immediate
2048 2174 2066 2202 ,
2099 2133 2229 2190 sive

301 2193 580 2306 {wisza-⁶
600 2209 979 2285 promiscue,
1026 2218 1134 2267 aut
1180 2206 1300 2268 alio
1348 2227 1732 2285 quocumque
1780 2199 1995 2278 modo,
2038 2205 2225 2268 etiam

298 2324 480 2364 cessas.
598 2305 708 2361 per
758 2284 1370 2346 communicationem
1427 2305 1564 2344 cum
1617 2285 2010 2344 Minimorum
2067 2305 2219 2360 prae·

482 2365 487 2370 ’
595 2361 938 2431 dictorum,
979 2371 1041 2420 et
1086 2358 1348 2418 aliorum
1399 2359 1878 2420 Mendicantium
1929 2365 2250 2421 Fratrum'

595 2435 971 2508 OrdinibuS‚
1022 2446 1145 2494 tam
1191 2438 1398 2511 vigore
1438 2436 1934 2513 Privilegiorum,
1981 2448 2046 2496 et
2095 2440 2214 2498 Lit-

589 2521 869 2584 terarum
896 2510 1384 2588 Apostolicarum
1415 2555 1428 2582 ,
1471 2515 1654 2590 quam
1698 2515 1847 2574 vivae
1881 2515 2049 2573 vocis
2079 2535 2215 2574 ora·

588 2586 730 2649 culo
755 2633 771 2662 ,
815 2599 925 2659 aut
966 2584 1112 2656 ‘alias
1148 2585 1365 2665 quffiris
1416 2590 1596 2650 modo
1641 2611 1754 2667 per
1798 2609 2216 2668 quoscumque

582 2669 887 2726 Romanos
926 2663 1242 2724 Pontifices
1293 2664 1759 2728 Praedecessores
1803 2677 2048 2727 nostros
2070 2710 2088 2740 ,
2145 2689 2214 2728 ac

581 2743 701 2802 Nos
730 2785 747 2812 ,
804 2751 868 2802 et
904 2739 1316 2818 Apostolieam
1361 2741 1573 2803 Sedem
1619 2742 1917 2804 haetenus
1967 2763 2208 2804 conces·

553 2837 707 2888 sas,
754 2817 1147 2880 confirmatas
1173 2861 1190 2889 ,
1257 2820 1624 2896 approbatas
1659 2863 1673 2890 ,
1725 2831 1786 2881 et
1839 2823 2167 2882 innovatas
2191 2863 2218 2893 ‚-

578 2895 781 2971 eisque
816 2895 1126 2973 hucusque
1152 2906 1596 2972 competentes,
1635 2917 1738 2956 seu
1775 2919 1886 2974 per
1918 2917 2018 2958 eos
2055 2919 2206 2974 prae·

578 2981 809 3044 tensas,
858 2971 1207 3032 earumdem
1253 2976 1926 3050 praesentium‘tenore'
1957 2995 2203 3046 revoca·

574 3061 749 3122 mus,
802 3069 1101 3110 cassamus
1131 3093 1147 3124 ,
1209 3048 1520 3111 abolemus
1555 3097 1572 3125 ‚
1643 3051 2034 3112 annullamus
2065 3098 2082 3125 ,
2144 3064 2207 3112 et

574 3124 959 3201 abrogamuS,

284 3235 545 3293 Chuwlae
594 3264 600 3272 ,,
646 3200 702 3279 3.
748 3220 837 3259 11.
879 3206 1205 3278 Eraesentes
1252 3214 1455 3264 autem
1485 3204 1745 3264 Litteras
1770 3247 1785 3276 ,
1823 3215 1952 3264 tam
1995 3204 2200 3281 quoad

568 3277 979 3346 concessiones
1016 3277 1294 3355 superius
1337 3281 1568 3354 factas,
1613 3285 1796 3357 quam
1850 3282 2050 3360 quoad
2102 3301 2195 3340 re·

568 3357 949 3444 vocationem
968 3363 1084 3441 ,fet
1115 3354 1510 3422 abolitionem
1540 3357 1891 3436 hujusmodi
1915 3405 1932 3436 ,
1961 3359 2198 3440 etiamsi
