2442 3992
780 152 1223 217 Appssme.
1693 150 1819 239 569

203 255 568 336 Apostolicis
603 256 798 317 tribui
833 256 1032 319 solent
1057 305 1074 330 ‚
1113 264 1282 336 iuxta
1331 256 1773 319 declarationes
1799 306 1815 334 ,
1874 268 1943 327 N.
1970 270 2079 333 1v;

201 346 408 395 tamen
456 356 590 412 quae
625 334 886 395 inferius
925 336 1361 413 subjicientur,
1410 356 1521 412 per
1570 338 1767 411 ipsum
1798 382 1815 410 ‚

201 412 470 473 durante
505 414 813 473 Vicariatu
849 433 918 472 ac
948 411 1331 489 beneplacito
1369 412 1705 488 praedictis,
1750 414 1817 473 in

203 490 416 551 eadem
463 491 745 549 Dioecesis
785 500 960 565 parte
1000 490 1361 553 exercendas
1384 535 1402 561 ‚
1452 493 1817 551 auctoritate

203 564 550 643 Apostolica
571 612 589 638 ‚
619 577 833 627 tenore
873 570 1257 644 praesentium
1276 612 1295 642 ‚
1332 566 1717 627 concedimus
1756 578 1819 627 et

203 644 286 707 im
333 644 616 703 ertimur.
951 670 958 677 ·
1466 688 1473 693 -
1704 662 1709 669 ·

275 664 332 798 ξ
375 719 437 779 5.
476 726 554 779 Et
587 720 716 780 haec
749 720 994 796 quidem
1021 722 1435 783 communiter
1462 722 1534 780 iis
1562 720 1819 781 concedi

202 798 404 857 soient
431 842 446 869 ‚
497 800 603 875 qui
651 796 1020 859 sacerdotali
1067 798 1429 869 dumtaxat,
1478 808 1585 859 aut
1626 798 1815 859 Cleri-

203 873 318 935 cali
351 874 546 950 gradu
584 876 852 949 insigniti
884 920 902 948 ‚
945 876 1024 935 ad
1067 874 1419 952 hujusmodi
1460 894 1681 936 munus
1716 895 1815 951 ge·

201 952 464 1014 rendum
498 952 558 1011 in
595 944 739 1011 locis
764 962 950 1028 atque
973 953 1339 1012 Dioecesibus
1359 998 1375 1025 ‚
1418 972 1675 1029 quarum
1710 973 1815 1013 ne·-

202 1030 508 1089 cessitates
550 1029 612 1088 id
663 1034 1004 1104 exegerint,
1059 1049 1094 1087 a
1139 1030 1289 1089 Sede
1336 1027 1672 1105 Apostolica
1710 1027 1817 1089 de-

199 1115 528 1183 putantur.
571 1106 798 1166 Ver-iim
847 1126 974 1165 non
1009 1105 1153 1165 rari)
1187 1106 1527 1181 contingit,
1573 1116 1645 1167 ut
1686 1126 1815 1183 spe·

201 1182 460 1245 cialibus
505 1182 868 1259 quibusdam
919 1183 1375 1243 necessitatibus
1418 1183 1479 1241 id
1528 1185 1816 1259 exigenti·

200 1258 353 1331 bus,
417 1258 624 1336 quales
663 1260 1056 1335 impraesenti
1103 1280 1247 1319 casu
1290 1272 1665 1319 concurrunt
1696 1302 1711 1329 ,
1757 1271 1822 1321 et.

202 1337 443 1413 quoties
485 1337 762 1412 Episcopi
788 1340 1082 1397 Locorum
1125 1336 1439 1396 Ordinarii
1478 1336 1821 1397 inevitabili

201 1414 410 1491 aliqua
465 1433 646 1473 causa
712 1410 792 1471 ab
853 1413 1184 1473 exercendo
1229 1414 1521 1487 regimine
1571 1432 1822 1474 suarum

201 1493 541 1551 Dioecesum
565 1530 582 1559 ‚
621 1487 720 1551 vel
758 1492 948 1565 partis
979 1509 1187 1549 earum
1211 1532 1226 1558 ,
1274 1486 1445 1549 nulla
1482 1487 1623 1548 licet
1664 1491 1818 1565 ipso·

201 1589 342 1629 rum
384 1568 633 1643 propria
686 1566 864 1641 culpa
896 1608 910 1633 ,
961 1566 1412 1643 impediuntur,
1478 1564 1559 1625 ad
1611 1566 1819 1643 hujus-

203 1645 373 1705 modi
429 1644 654 1705 Vicarii
717 1640 1044 1719 Apostolici
1112 1640 1393 1703 Officium
1448 1641 1823 1717 deputentur

199 1722 484 1800 Episcopi
519 1717 820 1780 Titulares
847 1764 863 1793 ,
919 1726 1092 1797 cujus
1130 1722 1364 1796 generis
1414 1717 1601 1796 aliqui
1637 1720 1824 1781 etiam

201 1798 506 1859 hodierno
533 1809 804 1874 tempore
831 1798 1063 1859 Viearii
1107 1793 1429 1874 Apostolici
1458 1815 1583 1863 esse
1608 1795 1818 1873 digno·

204 1886 463 1937 scuntur
483 1874 742 1951 ⁴·,-hisque
773 1894 894 1933 non
928 1874 1124 1933 solum
1165 1872 1483 1934 facultates
1507 1872 1654 1943 illae,
1687 1894 1821 1951 quae

204 1953 282 2013 ad
317 1950 798 2031 iurisdictionem
823 1954 1169 2026 pertinent,
1206 1951 1285 2011 ad
1326 1971 1511 2028 quam
1536 1950 1825 2012 videlicet
1900 1945 1925 1967 ’

147 2073 152 2083 .
203 2029 514 2107 praemissa
562 2029 948 2098 referuntur,
985 2028 1090 2088 sed
1137 2026 1495 2089 etiam¹aliae
1542 2027 1823 2103 quaedam

205 2107 282 2167 ad
327 2104 624 2167 Ordinem
668 2108 1040 2182 pertinentes
1063 2148 1076 2170 ‚
1106 2125 1219 2181 pro
1258 2103 1517 2180 pleniori
1558 2107 1654 2163 sui
1684 2126 1817 2164 mu·

203 2186 368 2245 neris
389 2182 782 2259 implemento
796 2228 812 2253 ‚
835 2182 1249 2255 concedantur
1270 2202 1289 2256 3
1316 2180 1653 2265 eujusmodi
1674 2191 1823 2243 sunt

204 2258 523 2321 facultates
567 2258 1032 2321 administrandi
1081 2258 1539 2318 Sacramentum
1578 2258 1819 2318 Confira

207 2338 497 2397 metionis
549 2330 640 2396 iux
661 2347 795 2396 toto
832 2336 925 2394 sui
961 2336 1301 2396 vicariatus
1336 2334 1615 2395 districtu
1647 2376 1662 2404 ‚
1707 2336 1823 2395 nisi

209 2414 402 2475 alium
425 2414 782 2490 Episcopum
812 2410 1109 2473 advocare
1140 2409 1472 2483 maluerint
1492 2456 1507 2479 ,
1534 2413 1643 2489 qui
1666 2410 1823 2473 illud

207 2491 362 2551 inibi
388 2488 770 2550 administret
796 2510 814 2565 3
847 2488 1200 2549 conferendi
1234 2509 1476 2555 omnes,
1504 2491 1687 2549 etiam
1712 2493 1813 2549 Sa-

209 2588 382 2639 cros,
430 2578 494 2627 et
533 2566 988 2641 Presbyteratus
1045 2565 1344 2637 OrdineS‚
1390 2566 1471 2625 ad
1510 2586 1825 2627 sacrorum

210 2650 534 2707 Canonum
580 2654 640 2704 et
689 2643 946 2704 Concilii
987 2643 1329 2703 Tridentini
1366 2645 1825 2719 praescriptum,

210 2719 587 2801 quibuslibet
641 2720 870 2781 idoneis
915 2721 1187 2798 personis
1245 2731 1369 2779 tam
1414 2718 1827 2779 Saecularibus
1906 2734 1913 2737 ·

211 2802 398 2879 quam
430 2796 826 2872 Regularibus
843 2840 858 2868 ,
889 2809 954 2858 et
977 2808 1102 2857 tam
1119 2798 1307 2872 ipsius
1323 2798 1661 2857 Vicariatus
1682 2794 1825 2853 sub-

211 2879 354 2937 ditis
381 2918 396 2945 ,
441 2876 626 2953 quam
667 2876 848 2932 etiam
888 2876 1216 2945 extraneis,
1260 2874 1364 2949 qui
1414 2892 1664 2937 suorum
1708 2874 1823 2931 Or-

214 2952 598 3029 dinariorum
650 2951 904 3009 Litteras
948 2949 1401 3011 Testimoniales
1438 2960 1502 3008 et
1542 2950 1822 3009 Dimisso-

200 3034 334 3091 rias
390 3027 752 3101 exhibeant3
817 3028 960 3085 item
1009 3047 1298 3103 personas
1347 3028 1687 3088 'vicariatus
1732 3027 1827 3087 sui

211 3107 521 3176 subditas,
570 3124 679 3180 per
723 3106 974 3165 Litteras
1011 3105 1389 3174 Dimissorias
1431 3103 1779 3181 hujusmodi
1807 3148 1825 3178 ,

214 3186 290 3245 ad
333 3181 485 3243 alios
521 3184 867 3257 Episcopos-⁹
910 3191 1038 3241 tam
1082 3179 1669 3258 minoribusequam
1700 3200 1824 3239 ma-

212 3262 446 3339 ioribus
500 3258 836 3320 Ordinibus
885 3258 1214 3333 initiandae
1268 3258 1619 3334 dirigendi3
1677 3254 1828 3317 Olea

214 3342 428 3410 Sacra,
471 3348 532 3396 et
559 3336 844 3405 Sanctum
874 3334 1150 3395 Chrisma
1182 3334 1543 3397 conficiendi
1575 3355 1591 3409 3
1629 3332 1825 3393 Eccle-

213 3418 332 3481 sias
365 3412 634 3495 'pollutas
661 3411 1124 3489 reconciliandi3
1148 3412 1541 3474 consecrandi
1557 3408 1791 3477 Altaria
1808 3454 1825 3483 ,

1356 3485 1495 3563 Q5.
