2442 3992
636 172 758 260 296
1135 163 1522 236 Bm'sssmc‘n
1573 167 1742 235 xlv.

359 287 403 344 Ρ
422 306 572 348 our.
613 281 870 352 notari„
899 281 1245 356 impugnari
1270 325 1288 352 ‚
1323 279 1613 355 infringi,
1638 279 1964 338 retractari
1984 280 2099 347 siu
2125 285 2257 356 5125,

364 351 568 424 LXII·
630 355 728 418 vel
779 359 1258 418 controversiam
1312 356 1617 428 revocari,
1658 366 1767 414 aut
1820 353 1897 414 ad
1955 359 2257 416 terminos

627 436 778 511 juris
800 431 1044 506 reduci,
1071 454 1176 494 seu
1217 431 1507 493 adversus
1532 430 1665 490 illas
1702 431 2060 508 aperitionis
2086 433 2215 492 oris
2236 478 2255 504 ,

627 511 1030 585 restitutionis
1065 512 1128 570 in
1157 512 1459 584 integrum
1480 553 1499 582 ‚
1540 506 1782 568 aliudve
1818 507 2257 586 quodcumque

627 589 778 664 juris
809 632 826 658 ‚
875 586 1056 657 facti,
1116 584 1211 646 vel
1254 587 1457 661 gratiae
1506 585 1843 644 remedium
1882 586 2260 660 impetrari,

624 683 736 724 seu
791 665 1152 739 impetrato,
1196 673 1319 730 aut,
1357 665 1543 723 etiam
1593 673 1803 742 motu,
1852 661 2154 738 scientia,
2200 670 2264 720 et

626 739 947 818 potestatis
986 737 1371 816 plenitudine
1406 737 1658 816 paribus
1688 756 1999 812 concesse,
2038 757 2261 816 quem.-

628 819 795 892 piam
831 817 892 875 in
929 815 1192 894 judicio,
1236 813 1333 876 vel
1372 826 1547 876 extra
1582 813 1737 874 illud
1764 815 1889 884 uti,
1929 834 2037 874 seu
2068 835 2136 875 se
2162 821 2261 892 ju·

629 913 778 954 vare
803 891 930 952 ullo
970 893 1152 966 modo
1177 911 1374 969 posse.
1409 891 1525 952 Sed
1570 892 1728 970 ipsas
1764 901 2095 967 praesentes
2128 889 2263 951 Lit-

629 981 794 1030 teras
827 989 1064 1046 semper
1105 970 1349 1040 firmas,
1394 961 1663 1040 validas,
1723 978 1788 1027 et
1822 961 2092 1028 efficaces
2132 968 2261 1028 exi-

611 1055 788 1112 ‚stere
819 1056 881 1105 et
903 1045 1034 1105 fore
1055 1091 1072 1118 ‚
1096 1065 1358 1123 suosque
1390 1045 1737 1123 plenarios,
1772 1055 1835 1104 et
1860 1046 2133 1120 integros
2172 1043 2260 1104 ef·

613 1121 827 1186 ,fectus
861 1123 1065 1183 sortiri
1097 1134 1158 1180 et
1193 1123 1477 1182 obtinere
1497 1165 1513 1193 ,
1540 1142 1611 1181 ac
1644 1119 1797 1198 illis,
1830 1120 1910 1180 ad
1941 1141 2095 1198 quos
2116 1140 2259 1196 spe·

631 1209 786 1270 ctat,
835 1207 896 1256 et
932 1218 1045 1276 pro
1079 1209 1355 1276 tempore
1385 1198 1895 1277 quandocumque
1920 1195 2260 1274 spectabit,

631 1277 694 1334 in
737 1273 1024 1335 omnibus
1055 1286 1116 1335 et
1155 1297 1267 1352 per
1308 1277 1513 1336 omnia
1536 1273 1876 1352 plenissime
1900 1273 2083 1334 suffra
2126 1273 2261 1348 ari3

609 1354 724 1412 ⁴Sic
770 1372 844 1410 ue
899 1353 966 1412 in
1017 1354 1337 1427 praemissis
1380 1373 1492 1429 per
1549 1371 1967 1428 quoscumque
2008 1355 2085 1410 Ju
2132 1351 2263 1431 ices

633 1430 724 1490 Or
767 1429 1024 1499 inarios‚
1064 1438 1126 1487 et
1167 1426 1513 1504 Delegatos,
1550 1429 1735 1488 etiam
1770 1432 2111 1488 Causarum
2142 1431 2257 1486 Pa-

613 1502 764 1566 latii
800 1501 1134 1581 Apostolici
1175 1505 1540 1582 Auditor-es,
1574 1514 1638 1564 et
1680 1503 1949 1580 eiusdem
1978 1506 2146 1578 s.vR.
2180 1506 2255 1562 Ε.

632 1582 1053 1642 Camerarium
1073 1626 1090 1655 ,
1123 1601 1204 1650 ‚ac
1244 1579 1393 1641 alios
1427 1578 1781 1642 cardinales
1816 1581 1999 1640 etiam
2028 1579 2105 1638 de
2138 1581 2254 1638 La-

629 1668 762 1717 tere
803 1663 1085 1733 Legatos,
1127 1655 1580 1732 vice-Legatos,
1632 1668 1694 1716 et
1740 1653 1891 1716 alios
1926 1675 2254 1732 quoscum-

629 1752 784 1810 que,
821 1736 1036 1810 quavis
1068 1735 1535 1810 praeeminentia
1564 1741 1626 1791 et
1654 1742 1957 1809 potestate
1986 1731 2251 1808 fungen-

632 1820 756 1882 tes,
800 1821 862 1870 et
898 1811 1218 1870 functus-os
1242 1854 1259 1882 ‚
1302 1806 1543 1870 sublata
1576 1805 1659 1868 eis
1680 1853 1697 1882 ,
1734 1817 1798 1868 et
1833 1828 2047 1868 eorum
2080 1807 2254 1870 cuili-

628 1883 738 1946 bet
774 1887 986 1961 quavis
1021 1882 1200 1944 aliter
1234 1881 1545 1975 judicandi
1580 1895 1643 1944 et
1684 1884 2131 1962 interpretandi
2166 1883 2255 1946 fa-

629 1959 855 2022 cultate
911 1973 974 2021 et
1011 1972 1417 2034 auctoritate,
1448 1959 1725 2040 judicari
1764 1971 1825 2020 et
1861 1959 2106 2040 definiri
2146 1959 2252 2020 de-

628 2037 818 2116 bere3
861 2059 931 2098 ac
973 2039 1219 2098 irritum
1261 2049 1323 2098 et
1362 2035 1579 2104 inane,
1628 2035 1693 2098 si'
1722 2037 1892 2098 secus
1924 2057 2108 2114 super
2154 2036 2255 2098 his

629 2137 666 2176 a
708 2136 1016 2194 quoquam
1045 2117 1259 2190 quavis
1292 2117 1656 2174 auctoritate
1674 2115 1935 2176 scienter
1956 2113 2055 2176 vel
2082 2115 2251 2191 igno-

629 2205 842 2254 ranter
877 2194 1204 2269 contigerit
1238 2193 1553 2252 attentari.
1584 2227 1591 2234 -

329 2285 408 2336 D,
444 2286 610 2340 nmio
705 2247 889 2360 §.14
931 2271 1228 2360 Quocirca
1269 2264 1735 2359 Venerabilibus
1772 2263 2107 2348 Fratribus]
2134 2273 2251 2328 Ar·

310 2351 362 2404 ..Ἰ
435 2354 573 2404 icum
627 2343 1013 2423 chuepiscopo
1070 2341 1459 2407 Corinthien.
1507 2345 1804 2405 moderno
1854 2350 2125 2418 Ducatus
2191 2353 2253 2404 et

326 2415 587 2481 Euentu·
629 2425 957 2484 Provinciae
988 2423 1413 2483 Urbinatensis
1430 2421 1773 2482 Praesidenti
1792 2467 1808 2494 ,
1829 2428 2081 2499 ejusque
2106 2417 2248 2480 Suc-

331 2501 469 2538 rum·

627 2499 966 2570 cessoribus
1006 2497 1505 2576 Praesidentibus,
1532 2497 1630 2560 vel
1658 2500 1841 2557 etiam
1874 2498 2101 2578 futuris
2130 2501 2249 2558 No·

625 2577 768 2636 stris
809 2587 871 2635 et
907 2573 1269 2652 Apostolicae
1303 2575 1469 2635 Sedis
1496 2575 1557 2634 in
1600 2575 1809 2654 eadem
1844 2574 2167 2634 Provincia
2191 2585 2254 2634 et

617 2657 866 2714 ‚Ducatu
903 2651 980 2710 de
1005 2657 1218 2712 Latere
1244 2650 1478 2726 Legatis
1515 2652 1783 2727 ejusdem
1820 2655 1877 2710 S.
1905 2655 1981 2712 R.
2006 2655 2081 2710 E.
2103 2655 2250 2728 Car·

626 2727 972 2803 dinalibus3
1023 2749 1094 2788 ac
1135 2721 1444 2788 modernis
1485 2729 1683 2810 etiam·
1718 2738 1778 2787 et
1815 2746 1931 2804 pro
1974 2738 2251 2817 tempore

627 2805 1022 2868 existentibus
1056 2804 1528 2881 Archiepiscopo
1562 2803 1956 2882 Urbinatensi
1976 2847 1991 2872 ,
2020 2814 2082 2864 et
2114 2809 2248 2880 Epi·

622 2903 809 2958 scopo
861 2881 1180 2957 Eugubino
1203 2927 1219 2955 ,
1256 2902 1367 2958 per
1412 2880 1763 2962 Apostolica
1807 2882 2035 2960 scripta
2082 2901 2247 2956 mau-

626 2952 842 3018 damus
867 3004 884 3030 ,
931 2959 1235 3035 quatenus
1273 2959 1425 3036 ipsi,
1471 2955 1567 3016 vel
1610 2958 1768 3032 duo,
1807 2967 1918 3024 aut
1952 2977 2117 3034 unus
2154 2976 2247 3016 eo·

609 3054 800 3108 rum,
845 3055 957 3111 per
997 3055 1094 3110 se,
1133 3034 1231 3094 vel
1267 3055 1378 3112 per
1420 3031 1601 3104 alios,
1635 3055 1739 3096 seu
1769 3030 1956 3094 alium
1980 3079 1997 3104 ‚
2042 3044 2245 3095 aucto·

623 3110 808 3170 ritate
851 3122 1093 3185 nostra,
1139 3113 1376 3188 quoties
1422 3132 1538 3187 pro
1584 3123 1761 3189 parte
1805 3113 2096 3194 interesse
2146 3109 2245 3188 ha·

615 3183 899 3248 beatium
945 3189 1219 3266 requisiti
1255 3188 1488 3248 fuerint
1511 3231 1524 3254 ,
1560 3199 1670 3248 aut
1708 3190 1794 3248 ita
1833 3185 2119 3262 expedire
2160 3191 2246 3264 ju·

615 3263 965 3334 'dicaverint
983 3311 999 3340 ,
1026 3273 1353 3342 praesentes
1390 3274 1626 3324 nostras
1659 3265 1918 3324 Litteras
1938 3305 1957 3334 ,
1988 3276 2052 3324 et
2078 3265 2143 3324 in
2171 3263 2251 3340 eis

604 3351 913 3414 ‚contenta
951 3383 966 3410 ‚
1036 3340 1391 3404 solemniter
1458 3340 1839 3416 publicantes
1865 3385 1880 3410 ‚
1946 3341 2248 3416 praedictis

622 3417 1098 3496 Communitati,
1153 3413 1566 3496 magistratui,
1618 3428 1681 3478 et
1736 3415 2147 3490 HominibuS,
2182 3435 2247 3476 ac
