2442 3992
748 114 1196 201 ᾼΡΡΕΝυιΧ,
1551 121 1558 129 ’
1646 118 1685 193 ,5
1691 120 1775 209 59

144 220 452 283 ‘Ministris
508 218 674 281 illam
731 222 1189 305 perficiendam·
1209 221 1542 296 mandavit.
1611 232 1777 302 Quot
1829 238 1898 297 Ν,
1927 233 2031 305 1v,

155 318 374 362 somno
413 305 474 356 et
514 298 705 375 quieti
743 298 1078 359 ademimus
1115 299 1330 371 horaS,
1358 312 1430 359 ut
1470 302 1535 358 in
1570 300 1633 361 id
1667 325 1765 365 ne.-

153 376 306 451 gotii
359 374 886 449 incumberemus,
934 387 1086 453 quot
1154 375 1354 439 cordis
1417 378 1773 441 maeroribus

153 449 526 524 conflictati,
573 463 725 537 quot
763 452 1146 527 conscientiae·
1197 452 1420 530 aculeis
1480 453 1773 522 fuerimus

155 530 409 604 agitati,
459 533 653 589 Deum
685 530 1001 607 Optimum
1038 529 1364 593 Maximum
1402 534 1642 590 Testem
1666 532 1769 591 ad-

153 604 470 673 vocamus.
505 603 1202 682 Intelligebamus-enim
1240 606 1615 691 provinciam
1652 610 1769 684 spi,

152 680 396 741 ritualis
423 684 732 759 regiminis
762 684 1093 743 Viennensi
1137 684 1367 745 Nuntio
1417 694 1625 743 nostro
1667 686 1767 746 de,

149 758 508 829 mandatam
529 776 554 830 ,·
580 769 650 818 ut
676 758 752 821 de
789 759 863 817 iis
888 759 1171 825 omnibus
1189 802 1206 832 ,
1235 779 1367 843 quae
1391 751 1733 832 acc‘iderent
1750 808 1768 835 ,

149 836 445 900 certiores
484 839 604 895 Nos
642 834 959 907 redderet,
991 836 1265 915 exiguam
1320 834 1649 901 utilitatem
1675 838 1765 899 af,

147 912 344 978 ferre,
390 921 455 970 et
494 932 714 987 parum
771 931 897 970 esse
951 921 1457 987 consentaneam,
1514 934 1654 979 cum
1706 926 1770 975 et

150 989 419 1047 Nuntius
442 985 620 1064 longe
642 998 985 1053 moraretur
1017 988 1097 1059 ab
1123 986 1239 1049 illis
1259 986 1404 1050 locis
1434 1009 1545 1064 per
1571 992 1769 1069 ipsum

69 1076 78 1087 ·
149 1064 578 1133 moderandis,
615 1075 678 1123 et
712 1063 891 1151 plura
927 1064 1115 1125 Nobis
1153 1064 1458 1137 deessent,
1495 1086 1628 1145 quae
1652 1068 1766 1130 sub

149 1139 344 1199 oculis
378 1139 662 1205 habenda
695 1151 904 1213 erant,
941 1152 1013 1205 ut
1039 1152 1247 1201 nostra
1275 1146 1637 1202 auctoritate
1662 1144 1767 1203 fir·

147 1237 458 1277 maremus
497 1236 601 1289 ea,
630 1237 763 1293 quas
798 1216 879 1277 ab
926 1218 944 1274 i
989 1238 1056 1276 so
1096 1220 1325 1277 Nuntio
1369 1218 1763 1294 gerebantur,

224 1291 282 1370 §-
320 1292 377 1351 3.
425 1297 582 1352 Cum
608 1292 892 1361 Urbanus
981 1298 1093 1351 111.
1128 1295 1527 1357 Praedecesso'r
1558 1308 1766 1357 noster

147 1367 310 1430 hane
335 1370 546 1428 Sedem
573 1368 980 1445 Apostolicam
1009 1369 1314 1435 obtineret
1333 1414 1351 1443 ,
1385 1374 1765 1449 propositum

147 1444 266 1505 suit
329 1443 411 1505 ab
451 1444 830 1524 Aquileiensi·
865 1445 1250 1517 Patriarcha,
1294 1467 1429 1507 eam
1486 1449 1764 1509 Dioecesis

146 1532 388 1596 partem
433 1520 753 1596 divellere,
789 1542 920 1598 quae
957 1543 992 1580 a
1030 1532 1205 1599 parte
1238 1524 1485 1599 Imperii
1529 1543 1762 1586 nuncu-

145 1598 449 1679 pabatur,
477 1607 540 1657 et
575 1600 906 1671 Austriacae
931 1596 1146 1657 ditioni
1169 1599 1524 1675 subjicitur,
1557 1598 1763 1676 ibique

148 1694 380 1737 novum
437 1676 797 1753 Episcopum
839 1677 1230 1743 constituere.
1279 1676 1449 1743 Idem
1488 1684 1763 1754 tempore

145 1750 752 1831 Pontificatussnostri
772 1792 793 1817 ,
831 1762 894 1811 et
929 1752 1107 1811 modo
1133 1752 1512 1828 potissimum
1546 1754 1607 1810 in
1638 1774 1763 1812 me-

145 1827 316 1891 dium
357 1827 707 1905 profertur3
754 1832 838 1909 ᾼῒ
873 1826 1054 1894 verb,
1103 1831 1337 1891 omissis
1384 1826 1756 1890 difficultati,

144 1902 294 1977 bus,
326 1925 504 1981 quae,
565 1926 704 1971 cum
751 1906 896 1967 novi
948 1908 1339 1981 Episcopatus
1396 1906 1756 1981 eriguntur,

145 1983 370 2046 exoriri
393 1980 630 2051 solent,
666 1979 818 2041 illud
842 1983 1178 2059 praesertim
1215 1982 1525 2044 adversari
1559 1982 1763 2054 visum

140 2056 288 2131 fuit,
346 2077 564 2134 nempe
603 2059 893 2119 Dioeeeses
943 2059 1010 2122 in
1058 2070 1261 2135 partes
1312 2078 1625 2124 secernere
1673 2058 1755 2119 ob

140 2137 618 2207 controversiam,
658 2154 790 2212 quae
825 2132 906 2193 ob
932 2154 1066 2193 eam
1107 2155 1352 2209 causam
1380 2137 1753 2209 excitantur,

139 2210 304 2287 quod
346 2211 596 2277 diversae
634 2210 902 2287 eiusdem
943 2212 1223 2271 Dioecesis
1261 2222 1465 2290 partes
1500 2211 1756 2271 diversis

139 2285 340 2353 s‘aeculi
373 2286 749 2362 Principibus
773 2286 1190 2365 subjiciantur.
1215 2291 1372 2347 Cum
1399 2292 1436 2347 S
1476 2289 1612 2347 Pius
1638 2290 1715 2348 V.
1732 2333 1754 2363 ,

139 2375 200 2433 et
235 2366 568 2444 Gregorius
595 2368 763 2426 XIII.
786 2364 1212 2425 Pontificatum
1244 2366 1571 2439 gererent,
1592 2364 1748 2423 visi,

135 2449 368 2501 tatores
405 2438 782 2517 Apostolicos
813 2442 1025 2503 missos·
1051 2441 1233 2500 fuisse
1259 2440 1510 2517 legimus
1535 2440 1597 2499 in
1617 2460 1754 2501 eam

135 2529 378 2593 partem
414 2518 690 2577 Dioecesis
737 2515 1161 2597 Aquileiensis,
1203 2538 1336 2594 quae
1369 2519 1636 2593 pertinet
1671 2517 1756 2581 ad

133 2596 516 2653 Austriacam
551 2588 1030 2655 Dominationem
1051 2638 1069 2665 ,
1094 2615 1166 2653 eo
1185 2593 1350 2674 quod
1381 2594 1575 2653 turbae
1604 2613 1747 2653 conv

131 2672 334 2733 citatae
359 2670 615 2731 fuissent
638 2690 710 2729 eo
733 2681 1008 2763 tempore
1029 2674 1092 2730 in
1113 2670 1525 2732 Patriarcham
1540 2672 1746 2746 'Aqui-

133 2743 462 2823 leiensem,
519 2767 594 2806 ne
632 2765 913 2815 suam.1n
963 2748 1047 2809 eis
1087 2745 1234 2806 locis
1267 2746 1747 2826 jurisdictionem

133 2820 325 2881 libere
382 2832 715 2883 exerceret.
767 2828 1059 2883 Attamen
1113 2844 1253 2883 cum
1299 2821 1747 2899 pernicies.,‘ac

129 2898 569 2963 detrimentum
600 2897 760 2957 illius
792 2900 1068 2961 Dioecesis
1095 2903 1218 2959 non
1242 2901 1309 2959 in
1338 2897 1748 2975 peculiaribus

129 2975 502 3052 quibusdam
555 2974 1090 3052 perversitatibus,
1137 2976 1245 3040 sed
1289 2978 1354 3035 in
1397 2996 1467 3034 eo
1508 2976 1743 3052 potissi,

131 3053 306 3111 mum
349 3052 464 3123 sit,
512 3050 676 3129 quod
717 3050 1067 3117 Patriarcba
1101 3050 1505 3129 Aquileiensis
1538 3051 1617 3123 ab
1642 3046 1744 3114 'as-

129 3128 343 3199 sidam,
386 3138 802 3202 praesentaneo
821 3173 837 3200 ,
871 3137 934 3187 et
963 3131 1295 3189 necessario
1323 3130 1611 3205 regimine
1634 3131 1743 3191 ims-

127 3204 626 3283 pediam-,ideo
661 3202 836 3265 facile
875 3202 1144 3281 dignosci
1171 3215 1405 3281 potest,
1439 3206 1757 3281 exiguam„

129 3286 191 3345 et
223 3281 482 3353 brevem
527 3280 852 3341 utilitatem
889 3281 1324 3359 expectandam
1361 3302 1485 3341 esse
1508 3303 1554 3347 ,a
1592 3284 1742 3343 visiz

127 3366 366 3429 tatere,
402 3359 507 3433 qui
529 3353 782 3420 fortasse
821 3355 1245 3435 aliotempore
1268 3358 1599 3424 remedium
1622 3355 1745 3419 suf,

111 3432 337 3515 „ficiens
379 3432 522 3506 huic
580 3432 741 3495 malo
797 3432 1038 3504 afferre
1069 3436 1399 3515 potuis-»sete
1429 3434 1738 3507 Postremo
