2442 3992
472 127 512 151 q

654 148 774 216 104
1181 147 1572 212 BENE-men
1627 143 1802 211 xlv.

388 268 594 318 Pon-r.
649 267 786 328 tur,
833 267 972 314 tom.
1011 274 1068 314 2.
1122 255 1407 314 Dte-sauri
1453 255 1890 313 Anecdotomm
1921 275 1957 315 a
1996 263 2277 319 Mai-tene

387 339 450 387 Αἱ
475 335 593 386 XII·
649 333 886 394 collecti
919 333 1029 391 col.
1074 330 1210 411 459.
1251 332 1414 393 Nihil
1448 334 1598 394 sane
1628 354 1742 409 pro
1780 343 1949 392 recto
1992 335 2272 395 modera-

417 431 442 466 t
653 413 824 471 mine
867 431 1096 476 rerum,
1131 420 1258 469 tam
1305 410 1497 482 bene,
1558 421 1743 488 atque
1790 410 2030 470 utiliter
2065 423 2275 489 potest

653 509 778 548 esse
826 490 1177 564 provisum,
1226 487 1388 564 quod
1444 498 1645 548 tractu
1694 491 1987 564 temporis
2036 487 2275 550 malitia

636 565 973 626 ‚hominum
1007 577 1357 640 pervertere
1383 577 1660 624 conetur.
1687 565 1991 625 Perlatum
2018 565 2099 626 ad
2125 567 2275 627 dicti

649 642 956 702 Pontificis
987 661 1164 702 aures
1192 653 1315 714 est,
1340 662 1480 701 eum
1512 652 1662 700 tunc
1690 645 1980 718 temporis
2008 643 2273 704 abusum
2351 643 2357 648 ’

653 718 976 780 invaluisse
996 766 1011 792 ‚
1056 729 1125 778 ut
1158 718 1495 778 oblationes
1534 718 1925 796 impuberum
1955 719 2033 780 ad
2062 727 2269 780 Mona-

653 800 836 855 steria
861 843 876 868 ‚
929 819 964 856 a
1007 815 1393 872 quacumque
1426 797 1947 872 personaaefierent
1972 843 1989 869 ‚
2040 800 2268 874 promi-

553 907 558 912 ·
655 874 802 932 seue.
841 884 1307 948 acceptarentur
1337 914 1351 940 ‚
1400 875 1583 950 idque
1633 875 1858 949 privati
1923 874 2271 948 commodi,

653 960 714 1009 et
775 949 1170 1010 emolumenti
1217 949 1445 1026 gratia,
1497 963 1568 1010 ut
1628 949 1854 1011 scilicet
1906 953 2273 1011 Monasteria

653 1027 831 1086 bonis
892 1024 1010 1086 illis
1077 1027 1429 1102 potirentur
1464 1073 1480 1100 ‚
1547 1047 1681 1105 quae
1744 1029 1821 1087 ad
1890 1028 2274 1103 impuberem
2368 1071 2373 1081 ·

655 1102 930 1162 oblatum
961 1103 1340 1180 spectabant.
1373 1103 1755 1181 Apostolicus
1776 1105 2087 1164 Pontificis
2113 1104 2273 1165 zelus

656 1191 779 1240 tam
825 1183 990 1256 gravi
1023 1179 1411 1240 inc'ommodo
1450 1181 1693 1241 obviam
1734 1185 1823 1241 ire
1855 1203 1979 1240 non
2020 1193 2269 1258 praeter-

657 1258 818 1316 misit
841 1299 856 1326 ,
893 1257 1196 1334 edixitque
1217 1304 1234 1330 ‚
1279 1268 1350 1317 ut
1384 1258 1728 1336 impuberes
1758 1277 2146 1336 nequaquam
2178 1280 2271 1318 re·

657 1336 1046 1411 ciperentur,
1087 1336 1198 1394 nisi
1243 1333 1472 1394 oblatio
1507 1357 1543 1394 a
1582 1345 1791 1411 patre,
1836 1347 1898 1394 et
1940 1346 2137 1408 'matre
2170 1337 2271 1395 fie-

659 1423 788 1483 ret,
838 1421 946 1469 aut
974 1433 1009 1469 a
1041 1411 1348 1471 tutoribus
1373 1459 1388 1486 ‚
1430 1414 1623 1488 quiin
1662 1413 1765 1484 iis,
1800 1433 1936 1489 quae
1958 1414 2275 1489 pertinent

556 1501 563 1514 “
659 1489 744 1548 ad
763 1485 1136 1565 pupillorum
1175 1509 1385 1548 curam
1426 1500 1533 1548 aut
1558 1489 2048 1564 dispositionem,
2078 1490 2139 1549 in
2180 1495 2275 1568 jus

659 1577 982 1642 paternum
1013 1564 1347 1625 succedunt
1381 1588 1398 1626 ε
1435 1565 1679 1644 Absque
1722 1567 2027 1622 voluntate
2048 1587 2276 1641 paren-

366 1670 394 1714 3
658 1653 785 1700 tum
802 1688 817 1716 ‚
845 1653 1165 1700 et-tutorum
1193 1642 1576 1702 su07·um.tAb
1606 1642 1721 1701 hoc
1739 1645 1930 1702 -etiam
1958 1645 2276 1719 proposito

661 1739 784 1779 non
821 1719 1014 1778 aliena
1037 1741 1105 1779 ea
1129 1723 1379 1798 quaestio
1407 1730 1528 1794 est,
1558 1733 1690 1797 qute
1726 1741 1761 1778 a
1788 1719 2085 1780 Pontificii
2113 1723 2274 1781 suris

658 1797 870 1874 peritis
902 1795 1231 1856 discutitur
1250 1843 1266 1871 ,
1299 1806 1509 1855 utrum
1540 1795 1799 1869 scilicet,
1844 1799 1893 1856 si
1918 1795 2080 1856 filius
2104 1818 2138 1856 a
2166 1819 2269 1874 pa-

660 1885 755 1933 tre
797 1875 926 1934 sine
977 1894 1271 1934 consensu
1320 1874 1565 1947 matri3‚
1589 1901 1596 1905 ·
1621 1872 1713 1932 vel
1748 1876 1796 1932 si
1837 1895 1872 1932 a
1909 1883 2106 1934 matre
2140 1878 2272 1935 sine

659 1953 850 2028 patris
881 1970 1175 2010 consensu
1209 1947 1502 2010 offeratur
1522 1996 1538 2024 ,
1577 1949 1715 2009 talis
1745 1949 1973 2010 oblatio
2004 1949 2272 2028 legitima

629 2030 768 2100 ›sit,
803 2039 986 2105 atque
1018 2031 1318 2104 acceptari
1364 2029 1551 2103 possit
1597 2049 1613 2085 :
1660 2029 1874 2104 inqua
1902 2029 2269 2104 quaestione,

662 2125 1012 2182 quanquam
1049 2117 1226 2178 sunt,
1270 2106 1378 2182 qui
1418 2114 1700 2164 neutram
1746 2103 1967 2164 harum
2012 2103 2271 2171 oblatio-

661 2202 809 2240 num
874 2181 1199 2257 legitimam
1256 2203 1383 2242 esse
1456 2181 1894 2255 contendunt-,
1950 2200 2021 2240 ex
2070 2181 2274 2257 legalis
2362 2248 2371 2266 .

661 2258 854 2333 adagii
879 2262 936 2317 vi
965 2304 980 2330 ‚
1007 2260 1168 2338 quod
1198 2259 1262 2313 in
1280 2279 1335 2314 re
1358 2259 1653 2320 communi
1683 2259 1884 2313 melior
1902 2267 1993 2320 est
2021 2259 2273 2316 conditio

645 2335 1004 2409 prohibentis
1022 2359 1046 2407 ;
1083 2337 1267 2410 magis
1309 2347 1511 2394 tamen
1551 2335 1867 2412 probanda
1902 2344 1995 2394 est
2032 2355 2104 2394 ea
2146 2339 2269 2414 opi·

661 2413 764 2468 nio
785 2455 797 2476 ‚
834 2431 965 2488 quae
990 2425 1255 2490 paterno
1285 2414 1407 2488 juri
1438 2413 1783 2472 omnimode
1811 2413 2005 2485 favet,
2032 2433 2177 2471 eum
2210 2416 2274 2474 in

661 2498 873 2563 patre,
926 2510 1047 2548 non
1091 2495 1309 2549 'autem
1363 2491 1442 2566 in3
1477 2500 1708 2558 matre,
1754 2491 1952 2565 pati-Ia
2007 2500 2273 2566 potestas

665 2565 923 2624 resideat
947 2588 964 2641 3
997 2565 1509 2644 quemadmodum
1543 2567 1744 2626 videre
1760 2576 1849 2625 est
1875 2567 2037 2641 apud
2058 2568 2271 2627 Cardi-

399 2673 519 2724 1‘100
579 2671 642 2720 ab
666 2641 865 2702 nalem
907 2643 982 2702 de
1017 2649 1481 2703 Turi-ecremata
1524 2644 1589 2698 in
1628 2645 2065 2701 Commentariis
2105 2665 2279 2719 super

368 2739 602 2790 Auctori·
669 2722 822 2778 Can.
863 2721 1199 2792 Addidisti-s
1252 2741 1314 2777 n.
1370 2739 1466 2795 2.‚
1517 2739 1613 2778 20.
1644 2730 1857 2799 quoest.
1904 2738 1957 2777 1.
2002 2720 2184 2796 Quod
2224 2723 2275 2781 si

369 2811 462 2856 bus
520 2819 639 2871 prae-
663 2800 796 2872 quis
839 2797 991 2858 illud
1047 2799 1382 2877 objiceret,
1432 2803 1673 2858 Annam
1733 2795 1968 2857 Elcanae
2022 2806 2273 2857 ux‘orem

364 2876 512 2951 cipue
547 2873 639 2949 1'13-
663 2874 948 2935 obtulisse
994 2881 1115 2935 Deo
1154 2878 1215 2935 in
1262 2873 1509 2950 Templo
1540 2877 1703 2950 inter
1738 2894 1952 2934 manus
1984 2871 2269 2936 Sacerdo-

366 2949 482 2990 *Μ’
511 2945 639 2989 ‘⁸¹¹⁰
663 2952 739 3010 tis
775 2951 908 3011 Heli
948 2951 1287 3012 Samuelem
1320 2950 1514 3012 filium
1555 2973 1730 3011 suum
1756 2998 1771 3021 ‚
1809 2961 2133 3028 postquam
2168 2951 2269 3011 ab·

366 3008 608 3084 beheim-3
663 3025 922 3087 lactatus
964 3028 1082 3088 fuit
1107 3074 1123 3098 ‚
1155 3050 1229 3088 eo
1274 3029 1436 3106 quod
1476 3029 1552 3086 de
1594 3031 1719 3105 ipso
1748 3030 1831 3088 ita
1862 3030 2121 3104 Domino
2138 3038 2270 3104 spo-

363 3082 636 3194 :zssgnsvix
661 3103 967 3180 pondisset
1001 3127 1018 3164 t
1061 3105 1236 3160 Dabo
1275 3125 1410 3160 eum
1456 3105 1712 3161 Domino
1752 3104 2020 3161 omnibus
2072 3105 2272 3162 diebus

367 3208 493 3258 uua·
663 3183 808 3237 vicae
823 3185 946 3255 ejus
966 3193 983 3253 ‚⁸
1003 3180 1593 3256 quemadmodumin
1607 3181 1712 3258 lia„
1738 3201 1787 3239 1.
1804 3185 2045 3258 Regum
2061 3201 2189 3256 cap.
2218 3201 2237 3236 ῐ
2251 3223 2268 3239 .

409 3267 424 3296 ³
605 3293 614 3300 -
663 3256 964 3331 habetur3
992 3257 1164 3318 facile
1189 3268 1344 3317 esset
1382 3258 1749 3334 respondere
1774 3301 1787 3324 ‚
1824 3259 1890 3321 id
1917 3257 2159 3334 quidem
2189 3258 2271 3317 ab

662 3341 840 3395 Anna
871 3380 886 3408 ,
930 3333 1035 3393 sed
1075 3355 1214 3394 cum
1249 3333 1481 3393 Elcanae
1526 3337 1642 3394 viri
1684 3337 1780 3394 sui
1820 3356 1891 3394 ac
1937 3333 2271 3412 respective

661 3413 852 3489 patris
897 3431 1191 3474 consensu
1224 3411 1453 3475 factum
1491 3411 1701 3487 fuisse,
1750 3418 1918 3490 juxta
1960 3411 2055 3487 id,
2105 3412 2269 3488 quod
