2442 3992
647 120 685 184 3
690 117 770 183 50
1230 114 1682 182 APPENDIX.

380 247 447 301 N,
477 246 579 306 IV,
638 224 819 284 dibus
859 222 1294 302 prosequimur
1327 268 1344 296 ,
1403 221 1508 282 sed
1561 222 1785 297 gratias
1835 242 2070 302 quoque
2115 234 2216 290 Nos·

636 303 957 378 habituros
995 302 1237 360 sincera
1283 310 1486 359 mente
1528 300 1829 359 fatemur..

714 376 773 457 §-
817 393 871 458 7.
920 377 1144 437 Eodem
1203 377 1452 454 proi-siis
1503 377 1694 435 animi
1732 396 1908 437 sensu
1946 399 2215 439 commen·

638 455 890 524 damus,
942 453 1358 531 plurimasque
1398 452 1790 528 rependimus
1834 459 2052 530 gratias
2082 456 2223 516 Dile-

639 535 751 591 etis
786 531 951 590 Filiis
984 532 1217 591 Nostris
1245 528 1361 588 hoc
1394 527 1528 588 loco
1558 534 1962 605 praesentibus
1983 577 1997 604 ,
2026 532 2219 593 Carolo

538 628 544 637 ·
638 608 953 669 cardinali
1006 607 1373 674 Rezzonico‚
1427 616 1489 663 et
1531 607 1724 666 Mario
1762 608 2070 668 cardinali
2111 610 2220 669 Mil·

637 684 798 757 lino,
853 686 960 763 qui
987 686 1049 743 in
1079 682 1344 760 gerendo
1365 726 1378 750 ‚
1413 701 1482 740 ac
1507 681 1756 742 (semiim
1786 685 1846 742 in
1880 686 2222 762 perficiendo

638 772 764 821 tam
819 763 990 838 gravi
1034 763 1277 836 negotio
1303 758 1531 830 ‚nihil
1585 762 1839 819 omnino
1868 765 2223 823 'intentatum

638 837 1058 917 reliquerunt,
1095 847 1168 895 ut
1200 833 1353 895 illud
1391 836 1467 895 ad
1505 852 1682 894 suum
1733 836 1919 917 finem
1959 839 2225 915 perduce-

639 926 779 977 rent
812 961 828 989 ‚
895 917 1318 991 integramque
1363 923 1680 972 servarent
1731 915 1894 986 inter
1949 919 2225 993 Principes

640 992 1067 1063 concordiam,
1153 1010 1376 1048 uorum
1418 1008 1658 1049 causam
1698 1009 1769 1049 ac
1810 992 2084 1053 rationes
2117 1008 2226 1053 tue·

639 1068 891 1128 bantur.
935 1067 1100 1142 Siqui
1148 1086 1245 1124 em
1285 1064 1437 1126 nihil
1477 1064 1645 1126 aliud
1692 1065 1811 1125 sibi
1859 1079 2004 1129 ante
2048 1070 2242 1132 oculos·

638 1147 1020 1221 propositum
1065 1141 1417 1214 habebant5
1452 1143 1633 1219 quam
1681 1145 2029 1205 animarum
2073 1146 2231 1206 saluti

638 1224 1016 1298 prospicere,
1057 1220 1288 1296 Deique
1328 1216 1584 1295 gloriam
1616 1219 1990 1296 amplificare
2012 1243 2030 1299 3
2055 1222 2099 1283 'a
2126 1241 2230 1301 quo

638 1297 853 1375 procul
899 1297 1133 1365 dubio,
1178 1296 1324 1357 dum
1372 1297 1436 1354 in
1487 1296 1644 1365 vivis
1701 1308 1928 1372 agent,
1986 1310 2048 1359 et
2089 1312 2227 1377 post-

641 1395 823 1452 quam
863 1370 1300 1435 mortalitatem
1344 1374 1656 1445 exuerint,
1699 1374 2042 1436 mercedem
2076 1378 2229 1437 meri·

642 1454 718 1512 tis
765 1462 1231 1521 consentaneam
1263 1459 1688 1528 assequentur.
1707 1511 1729 1551 e·
