2442 3992
753 102 1200 177 Bouianum.
1314 175 1325 186 ,
1436 183 1444 210 ¹
1654 101 1829 181 155-

145 213 374 292 digeris
423 211 569 276 vere
601 235 848 294 quoque
885 219 1353 296 poenitentibus,
1403 233 1467 284 et
1498 223 1777 284 confessis
1831 227 2037 288 Anno

145 311 220 352 ac
273 296 446 352 Sacra
494 297 942 356 Communione
997 298 1281 374 refectis,
1326 301 1430 377 qui
1485 301 1550 359 in
1597 305 1776 360 Festo
1871 298 2015 367 ¹75²·

145 369 430 445 praedicti
463 373 522 429 S.
561 373 866 430 Francisci
915 372 991 431 de
1038 371 1223 435 Paula
1248 421 1265 448 ,
1312 397 1345 434 a
1380 363 1591 453 primis
1630 383 1774 439 Ves-

146 447 314 522 peris
366 461 564 522 usque
622 447 696 508 ad
747 467 1022 508 occasum
1072 450 1261 526 Solis,
1304 452 1625 514 Ecclesiam
1668 452 1779 513 ali·

195 543 340 580 uam
367 525 656 583 Fratrum
685 525 935 586 Ordinis
961 528 1352 588 Minimorum
1371 574 1388 604 ,
1430 529 1529 590 vel
1557 533 1621 589 in
1654 536 1781 607 ejus

150 543 456 658 defectum
475 599 664 660 'aliam
705 621 1152 681 quamcumque
1182 605 1465 666 Civitatis
1492 605 1781 677 velLoci,
1824 661 1829 668 .

152 675 264 735 ubi
296 695 398 734 eos
436 697 554 753 pro
598 688 872 752 tempore
912 680 1127 755 degere
1165 683 1523 760 contigerit,
1563 683 1783 742 devote

153 752 581 820 visitaverint,
621 754 866 829 ibique,
911 766 982 816 ut
1021 758 1343 832 praefertur
1366 803 1381 826 ,
1424 761 1738 820 oraverint
1764 801 1784 832 ,

159 831 344 904 etiam
390 827 728 890 Plenas-iam
759 853 775 890 t
811 838 965 891 Item
1023 835 1247 894 eisdem
1275 875 1295 900 ,
1336 835 1486 894 dum
1526 838 1591 895 in
1633 838 1779 896 arti-

159 903 296 964 culo
343 909 560 966 mortis
599 909 917 969 constituti
961 954 978 983 ,
1043 911 1188 988 vere
1234 913 1598 986 poenitentes
1630 953 1649 986 ,
1718 923 1785 971 et

162 981 454 1055 confessi,
508 1005 544 1042 a
640 985 820 1044 Sacra
865 989 1313 1048 communione
1356 989 1564 1048 refecti
1602 1031 1619 1060 ,
1681 988 1789 1048 vel·

163 1059 466 1134 quateniis
521 1062 540 1118 i
626 1062 822 1120 facere
861 1065 1251 1139 nequiverint
1285 1111 1302 1138 ,
1358 1063 1571 1124 saltem
1634 1085 1778 1125 con·

162 1137 327 1206 triti,
375 1135 826 1196 Sanctissimum
859 1143 1031 1198 JESU
1077 1144 1312 1200 Nomen
1342 1143 1554 1216 corde,
1588 1143 1638 1202 si
1676 1161 1788 1200 ore

165 1230 285 1272 non
309 1216 628 1290 potuerint
645 1261 659 1285 ‚
681 1214 899 1276 devote
925 1217 1350 1278 invocaverint
1366 1263 1382 1290 ‚
1414 1219 1623 1279 itidem
1651 1216 1779 1278 Ple-

167 1291 400 1348 nariam
437 1293 710 1350 omnium
745 1303 1132 1368 peccatorum
1183 1315 1433 1354 suorum
1462 1295 1795 1355 'remissio--

166 1387 304 1425 nem
353 1375 418 1424 et
475 1366 924 1444 Indulgentiam
975 1371 1361 1431 concedimus
1409 1381 1471 1430 et
1512 1373 1781 1448 imperti-

169 1461 304 1502 mur
342 1464 360 1501 ε
411 1447 532 1503 Nec
577 1464 737 1512 non,
782 1456 852 1505 ut
880 1447 1149 1523 quisquis
1188 1468 1399 1507 eorum
1430 1459 1493 1506 et
1526 1467 1735 1506 earum
1761 1487 1781 1513 ,
1870 1476 1942 1530 Et
1989 1493 2081 1544 pm

169 1516 488 1596 prat-fatum
514 1521 839 1597 Cingulum
869 1542 976 1580 seu
1005 1523 1371 1583 Funiculum
1392 1523 1783 1583 benedictum
1804 1544 2065 1612 aliquibus

172 1596 478 1668 deferenS,
525 1597 705 1658 semel
755 1601 814 1658 in
855 1598 988 1674 die,
1029 1601 1078 1658 si
1111 1601 1176 1658 in
1220 1599 1519 1660 honorem
1543 1601 1784 1658 Domini
1811 1611 2047 1677 precibus

174 1675 374 1732 Nostri
415 1677 587 1736 JESU
625 1679 971 1749 CHRISTI,
1019 1685 1084 1735 et
1129 1675 1492 1736 Sanctorum
1531 1682 1783 1752 Aposto-
1806 1678 2034 1756 Centum
2102 1735 2111 1748 ⁸

177 1748 372 1808 lotum
414 1757 543 1828 ejus
571 1797 588 1824 ‚
624 1754 792 1827 pias,
846 1763 918 1813 ut
961 1752 1321 1828 praefertur,
1376 1773 1583 1830 preces
1637 1751 1785 1811 effu·
1809 1747 2013 1822 ἆῑθηξῐῑξ
2092 1788 2099 1794 -

181 1825 410 1897 derint,
452 1847 576 1904 quo
629 1824 726 1887 die
777 1829 846 1887 id·
902 1831 1135 1905 egerint
1165 1875 1182 1902 ,
1238 1835 1503 1890 Centum
1550 1830 1790 1890 dierum
1811 1811 2065 1902 quondm·-

179 1901 620 1980 Indulgentiam
659 1918 1097 1983 consequatur,
1136 1905 1525 1968 concedimus
1562 1907 1793 1982 pariter
1814 1895 1954 1930 ΜΨ·

182 1990 238 2040 et
277 1979 683 2056 indulgemus.
966 2009 970 2016 ·
2012 2005 2017 2016 “

249 2055 301 2134 §.
333 2054 398 2115 8.
436 2061 710 2135 Denique
741 2068 862 2118 tam
903 2057 1254 2136 primodicti
1284 2059 1473 2118 Tertii
1500 2057 1751 2119 Ordinis
1778 2103 1795 2132 ,
1886 2059 2087 2140 ¹¹¹E¹d¹²¹‘

184 2135 362 2210 quam
413 2132 665 2195 alterius
726 2136 810 2210 pii
865 2136 1140 2194 Instituti
1200 2135 1476 2212 praedicti
1526 2137 1799 2195 Personis
1820 2136 2049 2208 ξθΰῑὲἃῑ.

185 2208 575 2270 Saecularibus
625 2215 944 2289 utriusque
977 2229 1195 2284 sexus,
1241 2214 1477 2290 quoties
1530 2213 1643 2288 ipsi
1672 2260 1685 2276 ,
1738 2204 2092 2311 et¹t⁰¹¹³.⁰t⁰¹¹¹·

187 2286 442 2363 quilibet
484 2308 692 2347 eorum
749 2290 1043 2348 Missiset
1096 2287 1231 2348 aliis
1290 2290 1521 2349 Divinis
1576 2288 1801 2349 Officiis
1824 2277 2095 2381 ῗέῐῗξᾶῖζὴ

189 2365 246 2421 in
285 2363 567 2424 Ecclesiis
611 2363 987 2424 celebrandis
1023 2411 1038 2428 .
1092 2376 1153 2425 et
1213 2364 1539 2425 recitandis
1582 2365 1803 2425 devote
1824 2394 2105 2449 eachofdi,

189 2441 579 2501 interfuerint
604 2487 622 2511 ,
662 2461 730 2500 ac
768 2461 1063 2518 pauperes
1095 2441 1363 2518 hospitio
1393 2445 1801 2517 susceperint,
1826 2463 1959 2530 geris
1981 2477 2101 2511 con-

189 2515 280 2576 vel
343 2537 559 2594 pacem
607 2519 771 2578 inter
825 2519 1100 2578 inimicos
1157 2520 1650 2596 composuerint,
1700 2539 1804 2578 seu
1828 2529 2003 2592 cedit,
2041 2527 2101 2576 id

193 2595 470 2672 componi
497 2595 749 2654 fecerint
767 2642 783 2667 ‚
808 2594 906 2658 vel
931 2599 1397 2672 procuraverint
1416 2640 1433 2670 ,
1456 2593 1553 2656 vel
1580 2597 1765 2656 etiam
1789 2639 1807 2668 ‚
1828 2603 1909 2674 est
1961 2592 2077 2645 LX·

93 2679 110 2697 ⁹
195 2673 290 2748 qui
330 2691 596 2748 corpora
636 2673 1074 2732 Defunctorum
1111 2671 1605 2750 ad*sepulturam
1649 2690 1806 2760 asso-7
1831 2664 2047 2738 dierum·

176 2750 489 2813 ,ciaverint
516 2793 534 2819 ,
575 2759 698 2816 aut'
723 2759 1135 2825 quascumque
1153 2751 1581 2809 ‘Processiones
1624 2748 1699 2806 de
1738 2745 1807 2806 li·
1832 2743 1927 2796 1²¹⁰
2003 2743 2111 2777 ³¹⁰⁶

196 2827 386 2884 centia
463 2825 778 2886 Ordinarii
843 2825 1188 2898 faciendas,
1230 2825 1813 2914 sanctissimumque
1834 2795 2115 2929 ᾗῇξὲζὲξῑ·

199 2901 588 2976 Eucharistiae
639 2902 1092 2962 Sacramentum
1126 2946 1142 2974 ,
1195 2909 1323 2962 tam
1363 2903 1429 2960 in
1480 2905 1813 2960 Processio-

119 2979 126 2989 '
200 2979 417 3053 nibus»,
460 2980 644 3055 quam
683 2977 930 3038 eumad
975 2978 1284 3051 infirmos,
1325 2976 1427 3040 vel
1473 2975 1621 3036 alias
1706 2998 1814 3038 uo·

201 3073 460 3134 cumque
497 3065 560 3114 et
604 3051 1114 3133 quandocumque
1163 3073 1278 3131 pro
1334 3064 1608 3132 tempore
1699 3055 1818 3114 efe-

203 3143 371 3192 retur
389 3178 406 3205 ,
438 3134 711 3192 comitati
735 3133 997 3203 fuerint,
1024 3129 1120 3193 vel
1152 3129 1466 3211 impediti,
1494 3135 1823 3207 Campanae

205 3207 278 3267 ad
293 3208 364 3268 rid
393 3210 564 3285 signo
603 3209 780 3283 dato,
805 3207 987 3268 semel
1030 3209 1386 3268 Orationem
1408 3209 1824 3282 Dominicam,

208 3293 268 3346 et
303 3283 740 3345 Salutationem
773 3283 1123 3363 Angelicam
1165 3285 1459 3359 dixerint,
1503 3293 1613 3344 aut
1644 3284 1852 3361 quin-²

210 3361 370 3439 quies
415 3363 774 3425 Orationem
801 3373 868 3425 et
905 3361 1346 3428 Salutationem
1384 3361 1661 3500 ἓηέἀεω
1708 3379 1825 3440 pro
