2442 3992
747 137 1196 209 APPENDIX.
1674 142 1793 211 385

161 240 466 305 facultate
495 244 894 321 ‘impertiendi
927 244 1235 305 Fidelibus
1284 250 1346 309 in
1372 252 1609 311 -mortis
1650 254 1792 313 arti·
1840 264 1921 325 Ν,
1950 264 2055 323 IV.

145 318 313 381 'culo
359 324 708 381 constitutis
751 322 1241 385 Benedictionem
1289 327 1643 403 Apostoliee
1688 350 1793 393 au·

167 398 461 463 ctoritate
493 418 630 457 cum
659 398 1048 475 Indulgentia
1075 400 1345 463 plenaria
1366 447 1394 483 ἱ
1424 405 1502 464 ad
1536 406 1797 471 formam

167 484 396 535 nostrae
437 478 906 539 Constitutionis
931 518 946 545 ,
985 496 1118 553 quae
1151 479 1369 555 incipit
1406 483 1533 539 Pia
1554 484 1794 557 Mater,

169 550 548 627 deputandi3
590 551 830 628 aliaque
884 555 1088 615 omnia
1123 565 1186 613 et
1229 554 1504 631 singula,
1545 570 1791 634 praeter-

169 648 378 704 quam,
404 630 467 687 in
505 630 946 690 Beneficiorum
990 630 1435 699 collationibus
1467 678 1485 705 ,
1530 646 1593 695 et
1633 641 1793 699 Cou-

171 707 560 765 cionatorum
589 705 1084 783 deputationibus
1102 752 1117 777 ,
1143 708 1220 767 de
1242 709 1463 785 quibus
1492 712 1653 773 iufra
1673 725 1796 779 sta·

119 824 124 831 -
173 792 459 853 memus,
513 782 776 846 faciendi
833 795 896 843 et
951 786 1311 856 exercendi,
1365 788 1495 849 sive
1610 811 1643 849 r
1688 810 1798 863 se,

171 860 300 919 sive
333 879 445 935 per
486 878 666 919 suum
695 862 1004 927 vicarium
1043 861 1403 929 Generalem
1424 906 1440 933 ‚
1490 886 1523 923 a
1553 867 1717 931 ‚iosve
1758 888 1797 927 a

168 956 236 995 se
273 934 602 1011 deputatos
625 982 642 1009 .,
683 958 806 997 nou
849 937 1044 997 solum
1075 959 1210 1014 quae
1240 940 1569 1001 modernus
1604 952 1665 1001 et
1682 962 1801 1019 pro

173 1022 468 1089 tempore,
489 1014 745 1073 existens
780 1016 1136 1090 Praepositus
1165 1060 1182 1087 ,
1219 1019 1273 1075 si
1310 1019 1361 1077 is
1406 1019 1799 1089 ordinariam

173 1086 657 1174 iurisdictionem
687 1092 753 1149 in
788 1093 1074 1165 pradicta
1107 1098 1263 1159 Loca
1286 1134 1303 1161 ,
1354 1104 1417 1155 et
1460 1100 1752 1156 Personas
1777 1140 1797 1173 ,

174 1176 318 1225 actu
345 1177 688 1242 exerceret3
715 1168 819 1227 sed
857 1168 1050 1235 ctiam
1077 1188 1210 1245 quae
1236 1172 1361 1245 ipse
1386 1171 1799 1237 Comaclensis

175 1246 506 1320 Episcopus
527 1288 544 1316 ‚
581 1246 636 1303 si
679 1243 889 1307 eadem
928 1249 1082 1303 Loca
1124 1246 1202 1305 ad
1254 1248 1439 1322 ipsius
1478 1250 1799 1311 Dioecesim

177 1331 450 1397 spectare
489 1319 829 1397 iudicatum
882 1321 1074 1392 foret,
1117 1327 1252 1398 jure
1294 1324 1625 1388 Ordinatio
1659 1371 1681 1398 ‚
1722 1348 1799 1389 ac

177 1399 398 1468 etiam,
443 1400 648 1473 vigore
685 1402 1080 1457 Decretorum
1124 1397 1383 1459 Concilii
1410 1400 1797 1477 Tridentini,

175 1472 500 1551 Delegam,
535 1485 597 1535 et
629 1475 869 1537 ratione
907 1474 1339 1551 iurisdictionis
1363 1478 1548 1537 etiam
1580 1478 1795 1540 volun-

177 1553 348 1619 tariae
367 1597 385 1625 ,
411 1571 503 1621 ac„
517 1552 702 1611 etiam
731 1551 794 1611 in
831 1552 956 1611 vim
982 1550 1383 1627 peculiarium
1402 1552 1799 1617 Indultorum

176 1628 332 1701 sibi,
373 1628 604 1693 intuitu
642 1627 946 1705 praedictae
983 1648 1102 1689 suae
1143 1627 1553 1691 comaclensis
1596 1631 1798 1692 Eccle-

177 1705 279 1771 siae‘
311 1746 328 1773 ‚
377 1704 457 1771 ab
495 1704 612 1773 hac
651 1704 999 1781 Apostolica
1035 1705 1186 1767 Sede
1213 1726 1673 1783 concessorum,
1710 1708 1797 1779 sa-

180 1802 317 1841 cere
356 1792 420 1847 et
457 1801 736 1843 exercere
775 1793 975 1859 posset
1001 1826 1020 1855 ,
1083 1800 1341 1858 quaeque
1402 1785 1636 1857 etiam;
1684 1806 1801 1862 pro

117 1856 126 1864 “
179 1858 410 1921 tuenda
449 1858 1022 1931 Catholicae‘Fidei,
1063 1871 1124 1919 et
1171 1861 1373 1928 nivini
1403 1859 1603 1921 cultus
1628 1865 1795 1939 puri.

180 1947 309 2003 tate
345 1981 364 2008 ‚
413 1956 486 2003 ac
523 1956 770 2005 morum
811 1947 873 1995 et
909 1936 1243 2013 disciplinae
1282 1938 1635 2013 integritate
1672 1985 1693 2008 ‚
1736 1951 1803 2001 et

178 2033 294 2091 pro
339 2013 756 2088 promovende
807 2014 1156 2076 animarum
1203 2011 1400 2075 salute
1423 2058 1441 2085 ,
1480 2036 1697 2077 curare
1736 2029 1803 2079 et

177 2100 468 2167 proestare
499 2089 792 2165 deberet3
839 2112 961 2151 non
1003 2088 1198 2153 solium
1246 2093 1405 2151 circa
1446 2095 1751 2167 praemissa
1780 2139 1799 2168 ,

179 2168 284 2229 sed
331 2168 516 2227 etiam
549 2170 712 2229 circa
755 2166 871 2227 alia
897 2212 916 2241 ,
959 2188 1094 2244 quae
1137 2170 1327 2244 magis
1372 2168 1693 2243 specialem
1739 2182 1803 2232 et

179 2266 248 2305 ex
296 2265 516 2309 ressam
553 2246 1034 2313 commissionem
1069 2246 1411 2320 exiget-eun
1452 2256 1677 2307 etcum
1710 2246 1798 2317 fa-

177 2266 410 2385 cultam
471 2321 929 2391 substituendi,
978 2323 1042 2381 in
1091 2341 1235 2381 casu
1272 2320 1561 2383 absentiae
1614 2324 1802 2401 ipsius

178 2398 458 2475 Episcopi
501 2420 536 2459 a
573 2418 680 2459 sua
711 2395 1090 2462 comaclensi
1133 2399 1395 2458 Civitate
1424 2410 1487 2459 et
1510 2402 1761 2461 Dioecesi
1781 2446 1801 2471 .,

179 2496 284 2535 seu
323 2474 574 2536 alterius
609 2476 984 2535 necessitatis
1025 2472 1242 2550 causa,
1278 2495 1419 2535 cum
1450 2476 1673 2553 simili,
1702 2478 1803 2541 vel

180 2551 445 2613 limitata
483 2550 794 2613 facultate.

257 2628 314 2709 §-
361 2627 420 2689 5.
464 2628 757 2697 Praeterea
795 2628 988 2697 eidem
1037 2626 1413 2689 Comoclensi
1460 2632 1751 2709 Episcopo
1778 2676 1799 2705 ‚

180 2718 494 2785 tamquam
518 2710 766 2777 Nostro,
797 2707 974 2769 dictae
1017 2727 1095 2765 ue
1125 2705 1489 2783 Apostolicoe
1506 2708 1675 2767 Sedis
1700 2709 1796 2767 vi·

182 2785 350 2845 cario
375 2828 394 2853 ,
445 2792 516 2843 ut
555 2786 880 2861 praefertur
907 2829 925 2857 ‚
965 2786 986 2843 i
1031 2783 1190 2843 idem
1256 2786 1319 2843 in
1374 2784 1803 2860 spiritualibus

182 2862 518 2929 constituto
537 2904 553 2934 ,
593 2858 1050 2921 Sacramentum
1087 2860 1587 2921 confirmationis
1615 2864 1677 2919 in
1702 2861 1797 2921 di-

183 2940 296 2999 ctis
337 2938 506 2999 Locis
543 2936 1011 2999 administrandi
1043 2982 1061 3011 ‚
1108 2957 1212 2997 seu
1256 2940 1529 3013 personis
1574 2958 1797 3001 eorun-

181 3014 322 3075 dem
365 3020 701 3083 Locorum,
755 3015 936 3075 etiam
978 3016 1042 3075 in
1076 3012 1455 3075 Comaclensi
1497 3016 1797 3089 Civitate‚

181 3090 394 3151 aliisve
427 3092 706 3151 Dioecesis
731 3112 852 3151 suae
883 3091 1086 3163 Locis,
1111 3092 1503 3168 conferendi3
1536 3113 1647 3151 nec
1675 3112 1799 3163 non

180 3188 473 3246 personas
507 3168 844 3229 eorundem
875 3173 1172 3231 Locorum
1193 3210 1210 3237 ‚
1253 3180 1382 3232 tam
1432 3168 1756 3233 Saeculares
1780 3216 1801 3246 ‚
1858 3170 1867 3178 '

183 3248 370 3323 quam
401 3244 757 3321 Regulares.
798 3267 834 3306 a
870 3247 994 3305 suis
1019 3248 1204 3305 etiam
1228 3244 1630 3320 Synodalibus
1654 3252 1799 3311 Exa-

183 3322 636 3395 minatus-ibus,
689 3325 872 3383 etiam
922 3324 988 3384 in
1039 3322 1201 3382 dicta
1258 3326 1523 3385 Civitate
1580 3328 1799 3387 Coma,

183 3398 370 3464 elensi
391 3446 410 3480 ,
453 3398 714 3465 arbitrio
745 3420 858 3463 suo
879 3445 898 3479 ,
931 3410 1004 3462 ut
1040 3398 1401 3481 praefertur,
1426 3402 1801 3473 examinatas
