2442 3992
739 112 860 183 190
1232 94 1622 161 Beuemcrl
1643 94 1835 175 ,XIV-

443 219 486 272 Ρ
505 232 544 273 0
561 232 600 271 u
621 230 676 271 τ.
728 202 1099 281 ¹respondeat
1113 248 1130 277 ,
1147 203 1395 265 videtur
1407 204 1682 281 profecti)
1699 204 1761 265 id
1776 250 1793 279 ,
1810 201 1979 283 quod
2000 204 2179 267 antea
2196 205 2325 267 affir-

441 288 510 342 A.
546 284 679 349 XII.
739 291 1032 355 maveret,
1051 292 1327 343 evertere
1350 292 1410 343 et
1434 302 1559 341 non
1574 280 1950 343 cohaerenter
1966 283 2324 343 ratiocinari:

737 359 804 417 Si
852 358 988 415 verr)
1033 358 1339 423 Proelatus
1386 359 1714 437 quidqmm
1760 359 1903 434 ipsis
1941 357 2325 415 redimentibus

738 434 1027 499 restituere
1070 435 1248 491 nollet
1261 478 1275 504 ‚
1314 445 1423 493 aut
1458 436 1909 493 transactionem
1927 481 1943 507 ,
1986 435 2097 492 vel.
2128 454 2323 511 compo-

741 512 1008 567 sitionem
1045 511 1231 569 ullam
1256 510 1457 588 faeere
1477 534 1497 568 .·
1532 510 1731 569 adhue
1768 523 2050 588 emptores
2074 557 2091 585 ,
2134 530 2232 569 seu
2258 532 2325 567 re·

743 587 1028 645 (limentes
1065 588 1154 644 illi
1186 590 1477 645 restituere
1512 589 1747 645 ommino
1779 599 2110 645 tenerentur
2132 630 2151 659 ,
2172 608 2326 677 quum

669 679 678 698 “
741 664 898 721 bona
931 665 1038 722 illa
1075 666 1268 741 reipsa
1286 666 1411 722 sint
1442 665 1731 723 Ecclesioe
1757 706 1774 734 ,
1808 685 1881 721 ae
1918 663 2228 742 infor-tamo
2246 684 2327 721 suo
2350 698 2361 703 -

742 740 1018 816 tribuere,
1055 740 1217 820 quod
1248 746 1489 799 emerint
1542 761 1663 799 rem
1698 742 1959 799 alienam
1978 787 1996 816 ‚
2021 761 2088 797 eo
2146 740 2327 805 modo,

647 890 654 896 .
742 838 856 897 quo
901 818 1279 875 discurrimus
1330 817 1403 875 de
1452 817 1773 877 ementibus
1806 840 1849 875 a
1887 816 2035 894 fure
2056 860 2073 889 ,
2112 818 2327 896 quoties-

744 915 992 973 cumque
1021 894 1098 953 ab
1137 896 1263 972 ipso
1300 906 1543 973 repetem
1566 896 1837 979 pretium*
1854 895 2095 953 minime
2108 896 2326 971 possint.

486 1167 638 1219 urus
651 1129 743 1217 m)
824 1122 880 1201 §.
909 1141 1010 1197 ‚2¹⁸
1047 1124 1282 1201 Quibus
1299 1125 1443 1187 sane
1466 1124 2071 1198 diximusAuctorem
2094 1134 2331 1186 evertere

455 1185 672 1287 tioeina-
750 1198 814 1259 id
851 1200 1016 1277 quod
1062 1214 1241 1261 antea
1295 1202 1727 1263 affirmaverat.
1764 1202 2059 1277 Superius
2106 1219 2333 1275 nemque

458 1303 619 1353 tionis
653 1300 725 1351 vi.
751 1275 1075 1355 voluerat„
1131 1289 1469 1355 emptorem
1512 1300 1549 1339 a
1602 1298 1751 1341 vero
1790 1278 2043 1337 domino
2104 1279 2335 1355 pretium

458 1370 591 1420 tium
647 1368 731 1420 de.
754 1374 1114 1430 recuperare
1142 1377 1160 1415 ε
1197 1360 1373 1415 Nunc
1398 1365 1602 1415 autem
1644 1358 1829 1433 ipsius
1854 1355 2089 1417 domini
2112 1354 2336 1413 arbitrio

458 1435 664 1503 tegitur.
752 1432 1112 1509 permittens
1135 1431 1486 1509 huiusmodi
1519 1434 1783 1510 pretium
1804 1434 2059 1495 reddere
2075 1476 2091 1504 ‚
2110 1441 2215 1493 aut
2238 1451 2337 1489 non

491 1541 494 1549 ·
755 1508 1046 1583 reddere,
1097 1509 1233 1569 vult
1272 1509 1493 1587 porro,
1539 1530 1669 1569 rem
1712 1509 1792 1569 ab
1838 1519 2141 1586 emptore,
2186 1509 2340 1567 etiam

754 1588 1081 1722 sinetpretii
1097 1587 1576 1663 recuperatione,
1597 1588 1859 1647 restitui.
1879 1589 2148 1647 Diximus
2164 1587 2339 1651 etiam,

757 1684 876 1723 eun
925 1684 1018 1723 em
1047 1684 1170 1723 non
1195 1664 1572 1726 cohaerenter
1589 1664 1967 1724 ratiocinari.
1985 1670 2184 1738 Quum
2204 1662 2343 1721 enim

757 1741 1081 1813 statuerit,
1137 1739 1541 1801 immobilium
1596 1730 1941 1801 dominium
1970 1740 2167 1817 :penes
2210 1739 2342 1797 anti·
2387 1754 2388 1771 ¹

761 1838 952 1894 quum
976 1816 1297 1877 dominum
1321 1837 1558 1897 semper
1590 1836 1905 1877 remanere
1922 1862 1939 1890 ,
1961 1836 2075 1877 nee
2102 1834 2347 1891 unquam

761 1894 840 1953 ad
897 1904 1234 1969 emptorem
1284 1894 1629 1967 transiisse,
1682 1892 1751 1953 ei:
1812 1893 1928 1953 hoc
1974 1894 2117 1953 satis
2168 1912 2200 1951 a
2270 1890 2347 1948 rte

761 1972 1156 2049 consequitur
1178 2015 1194 2041 ‚
1236 1992 1361 2031 non
1399 1970 1651 2047 quidem
1702 1970 1793 2030 rei
1829 1970 2101 2046 pretium
2137 1988 2201 2028 so
2224 1988 2348 2027 ven-

665 2088 684 2106 .
763 2048 913 2109 dum
950 2068 1074 2107 esse
1104 2069 1140 2107 a
1180 2044 1450 2124 legitimo
1490 2047 1779 2121 domino,
1816 2051 1922 2123 qui
1966 2066 2099 2107 eam
2126 2065 2345 2120 recupe-

766 2145 904 2185 rare
946 2123 1253 2201 intendit3
1295 2124 1398 2184 sed
1437 2125 1641 2201 potius
1680 2144 1811 2183 rem
1854 2126 2044 2202 ipsam
2090 2124 2217 2185 sine
2244 2120 2355 2180 ulla

761 2201 1070 2263 solutione
1095 2246 1112 2277 ,
1147 2212 1256 2261 aut
1292 2203 1475 2279 pretii
1513 2201 1929 2273 restitutione,
1976 2202 2057 2261 ab
2098 2220 2171 2260 eo
2202 2218 2352 2258 recu·
2384 2204 2386 2281 ζ

765 2278 1102 2353 pereundam
1143 2299 1299 2360 esse,
1344 2277 1525 2339 aliter
1576 2279 1741 2339 enim
1795 2298 1925 2338 rem
1967 2298 2139 2339 suam
2178 2294 2357 2336 emere

534 2400 616 2454 Do
677 2396 690 2409 .
767 2367 1110 2431 cogeretur.
1155 2354 1331 2431 Quod
1370 2357 1423 2419 si
1454 2354 1669 2432 aliquis
1717 2354 2147 2432 responderet,
2193 2353 2253 2413 id
2288 2352 2355 2412 ab

471 2415 748 2521 ninmfflo-
769 2433 1062 2510 aequitate‘
1077 2442 1140 2491 et
1171 2433 1404 2509 justitia
1437 2432 1705 2493 alienum
1745 2452 1869 2493 non
1900 2452 2060 2505 esse,
2096 2431 2361 2509 quoniam

447 2536 662 2587 ·bffium
693 2534 749 2583 i„
771 2516 935 2586 iuxta
955 2515 1208 2569 Decreta
1243 2512 1393 2569 anni
1424 2507 1585 2567 1630.
1624 2508 1787 2569 idem
1812 2511 2063 2571 omnino
2088 2507 2359 2589 contingit

471 2608 754 2669 emptorem
774 2588 840 2645 in
887 2584 1253 2657 mobilibus,
1299 2606 1433 2663 quae
1468 2588 1597 2647 sine
1634 2584 1937 2649 solutione
1980 2587 2163 2666 pretii
2200 2605 2235 2643 a
2270 2584 2357 2643 do·

474 2666 746 2719 transferri
776 2664 945 2721 mino
994 2666 1341 2739 recuperari
1409 2683 1535 2723 non
1587 2675 1881 2741 possunt3
1942 2684 2037 2723 res
2119 2660 2325 2721 ndetur
2347 2704 2359 2727 ‚

474 2742 722 2817 68118θέ91·
775 2739 1116 2800 dominium
1161 2737 1530 2813 ¹mobilium,
1580 2743 1857 2816 quamvis
1914 2760 2047 2801 reso
2073 2737 2265 2810 ubile,
2309 2740 2359 2795 in

473 2820 539 2882 ‘3‘
582 2818 752 2881 .P⁶⁰¹¹·
777 2828 1114 2895 emptorem
1137 2818 1403 2885 transire
1420 2862 1437 2891 ‚
1456 2818 1563 2895 qui
1588 2816 1809 2878 deinde
1840 2815 1943 2876 ina
1974 2816 2223 2877 domino
2246 2834 2359 2890 pre·

447 2872 598 2987 ἔφη
641 2886 712 2919 ““““
777 2897 934 2955 tium
969 2892 1249 2955 offerenti
1289 2896 1611 2957 restituere
1640 2904 1919 2969 tenetur3
1956 2894 2022 2953 id
2050 2903 2249 2953 autem
2274 2891 2363 2949 mi·

477 2952 623 3069 {¹:³2⁶
655 2968 752 3053 im·
783 2972 943 3031 nime
999 2970 1270 3033 accidere
1325 2972 1585 3050 emptori
1634 2969 2075 3051 immobilium,
2130 2986 2367 3047 quorum

479 3069 764 3121 mobilibus
783 3048 1122 3108 dominium
1149 3062 1429 3110 remanet
1453 3068 1691 3123 semper
1717 3047 1883 3124 apud
1910 3045 2245 3123 legitimum
2278 3045 2365 3103 do·

480 3154 587 3189 nou
620 3146 759 3206 apta-
784 3127 1040 3185 minum.
1089 3130 1315 3185 Rerum
1358 3126 1543 3202 porro
1582 3125 1925 3183 dominium
1962 3146 1997 3184 a
2042 3125 2248 3200 priore
2280 3122 2363 3181 do·

481 3212 584 3255 tur.
783 3204 955 3261 mino
995 3202 1072 3261 ad
1115 3201 1380 3263 alterum
1414 3222 1536 3265 non
1580 3202 1987 3275 transfertur,
2026 3202 2151 3261 nisi
2192 3201 2254 3259 id
2285 3205 2367 3257 aut

785 3278 879 3337 lex
921 3279 1166 3357 jubeat,
1224 3291 1332 3339 aut
1380 3280 1643 3339 hominis
1694 3277 1977 3339 voluntas
2019 3277 2382 3354 praescribat.‘

784 3361 1099 3433 Emptores
1139 3368 1347 3417 autem
1392 3367 1513 3417 tam
1564 3375 1773 3419 rerum
1812 3352 2131 3417 mobilium
2155 3401 2171 3431 ,
2214 3354 2365 3433 quiam
