2442 3992
718 235 1195 302 APPENDIX.²
1642 239 1758 324 387
1861 243 1884 260 “

137 342 263 402 bus
283 379 303 412 ,
343 350 407 400 et
447 361 558 418 per
608 345 820 402 omnia
868 341 1230 421 οὔδει-νοτίς
1273 347 1494 422 sieque
1537 356 1602 405 et
1638 369 1768 408 non
1824 363 1892 421 Ν,
1919 363 2024 423 lv,

142 418 331 480 aliter
370 439 481 495 per
530 437 945 496 quoscumque
984 421 1225 482 ,Iudices
1267 423 1624 504 Qrdinarios
1650 469 1667 497 ,
1707 437 1770 486 et

142 513 537 576 quacumque
573 497 755 556 etiam
796 497 1146 574 Apostolicn
1186 500 1554 560 auctoritate
1597 499 1766 562 Dele-

136 582 315 649 gatos
337 571 357 644 ζ
400 583 465 634 et
506 576 567 658 S.
594 577 669 632 R.
704 579 772 642 E.
802 576 1109 650 praedictoe
1148 574 1540 652 cardinales,
1583 581 1768 640 etiam

142 650 227 713 de
259 653 477 718 Latere
504 655 753 725 Legatos
776 695 789 716 .
817 662 879 712 et
904 658 955 712 A
1038 650 1268 712 stolicae
1290 653 1462 714 Sedis
1477 657 1770 728 Nuntios,

144 725 427 804 aliosque
466 725 802 804 quoslibet,
834 728 949 790 sub
975 741 1079 792 ata
1110 732 1209 790 eis·
1245 741 1307 790 et
1339 751 1570 793 eorum.
1599 732 1768 792 cuili-

146 804 289 878 bet,
326 807 541 880 quavis
579 803 756 865 aliter
784 806 1095 881 iudicandi
1124 819 1185 868 et
1216 808 1658 884 interpretandi
1683 809 1788 870 sa·-

144 879 383 943 cultate
438 892 503 942 et
542 884 942 955 auctoritate,
974 886 1239 961 'iudicari
1276 897 1342 948 et
1380 885 1636 946 definiri·
1669 886 1772 946 de,

144 959 301 1018 bere
330 980 351 1034 ς
392 959 637 1019 irritum
672 980 917 1040 quoque
940 972 1005 1020 et
1043 965 1259 1033 inane,
1301 963 1566 1026 siseciis
1594 983 1774 1039 super

148 1036 267 1098 his.
292 1053 331 1094 a
382 1055 727 1118 quoquam,
779 1042 995 1114 quavis
1024 1041 1401 1100 auctoritate
1419 1087 1436 1114 ,
1466 1041 1734 1100 scienter
1755 1088 1774 1116 ,

148 1110 253 1174 vel
292 1114 647 1188 ignoranter
680 1117 1366 1192 contigerit-attentari.

230 1186 290 1265 §-
324 1207 389 1267 9.
430 1192 725 1264 Quocirca
774 1193 1059 1253 omnibus
1096 1204 1160 1255 et
1186 1190 1448 1269 'singulis
1496 1201 1626 1252 tam
1667 1197 1772 1252 Ec-

152 1263 547 1338 clesiasticis,
588 1270 773 1348 quam
812 1271 1000 1332 Laicis
1046 1272 1319 1346 personis
1359 1271 1420 1328 in
1455 1268 1619 1330 dicto
1660 1273 1774 1330 Re-

155 1343 359 1418 gionis
393 1353 595 1405 tractu
618 1347 1138 1423 commorantibus
1156 1391 1175 1418 ,
1206 1344 1498 1424 aliisque,
1525 1346 1601 1406 ad
1627 1366 1780 1422 quos
1839 1389 1855 1406 .

162 1430 433 1502 spectat,
468 1432 536 1480 et
576 1441 693 1498 pro
739 1433 1015 1499 tempore
1056 1422 1388 1500 spectabit,
1437 1423 1500 1480 in
1551 1425 1782 1484 virtute

161 1508 392 1558 sancta
413 1497 773 1560 obedientiae
788 1544 809 1572 ‚
832 1500 1500 1581 dictaque'auetoritate
1519 1543 1536 1570 ,
1553 1509 1616 1562 et
1632 1519 1784 1574 prae·
1846 1549 1852 1562 ,

164 1577 439 1638 sentium
474 1587 725 1650 tenore,
769 1579 1149 1653 praecipimus
1179 1587 1244 1636 et
1278 1574 1641 1636 mandamus
1663 1621 1680 1648 ,
1718 1587 1788 1638 ut

162 1652 491 1732 praefatum
516 1652 879 1718 modernum
911 1655 1272 1731 Episcopum
1297 1651 1748 1714 comaclensem
1765 1697 1783 1728 ,

161 1735 420 1806 ejusque
456 1749 828 1792 successores
870 1735 1193 1808 Episcopos
1210 1775 1228 1802 ,
1269 1751 1340 1789 ac
1381 1731 1566 1790 etiam
1609 1732 1785 1789 Vica-

160 1807 291 1865 rios
333 1807 716 1884 capitulares
746 1809 1099 1884 praedictos,
1133 1810 1504 1878 in-nostros,
1537 1817 1601 1868 et
1626 1814 1786 1882 Apo·

161 1879 396 1944 stolicae
437 1885 601 1944 Sedis
638 1887 911 1945 Vicarios
940 1927 957 1956 ,
994 1885 1262 1946 durante
1302 1885 1615 1945 Vicariatu
1632 1925 1648 1953 ‚
1683 1884 1786 1944 de-

162 1962 495 2038 putatione
515 2005 541 2034 ,
568 1981 639 2024 ae
682 1961 1064 2040 beneplacito
1099 1962 1434 2042 praedictis,
1466 1981 1580 2038 pro
1637 1970 1789 2022 tem-

168 2059 327 2116 pore
359 2051 823 2115 recognoseant.
860 2051 923 2100 et
952 2041 1029 2098 ad
1060 2042 1506 2116 praemissarum
1537 2035 1790 2098 faculta-

172 2127 313 2177 tum
334 2157 352 2188 ,
370 2116 761 2194 ejusdemque
776 2115 1333 2178 vicariatus-Officii
1349 2113 1608 2176 liberum
1625 2135 1788 2174 exer·

123 2202 131 2210 “
170 2193 391 2252 citium
411 2239 432 2266 ‚
458 2192 756 2270 recipiant
777 2205 843 2254 et
870 2194 1311 2269 admittant3ac
1340 2189 1447 2264 illi,
1475 2203 1537 2254 et
1563 2190 1710 2263 illis,
1727 2194 1794 2252 in

168 2269 497 2340 omnibus,
537 2290 671 2346 quae
701 2271 778 2333 ad
816 2271 986 2330 idem.
1011 2270 1290 2332 Officium
1327 2269 1666 2345 pertinent,
1691 2269 1793 2331 de.

169 2347 373 2406 bitam
405 2347 847 2424 subjectionem
871 2358 934 2409 et
958 2346 1412 2407 observantiam
1437 2345 1796 2424 exhibeant3
1841 2421 1845 2426 -

171 2423 455 2501 alioquin
501 2427 833 2485 sententias
877 2434 939 2484 et
984 2445 1228 2500 poenas,
1277 2443 1426 2500 quas
1475 2423 1592 2482 rite
1642 2423 1796 2484 tule-

172 2503 345 2572 rint,
372 2513 435 2560 ct
454 2503 783 2564 statuerint
807 2502 871 2559 in
895 2500 1149 2564 rebelles
1166 2546 1183 2573 ,
1210 2510 1374 2558 ratas
1401 2499 1762 2562 habebimus
1780 2548 1797 2575 ,

176 2588 243 2640 et
265 2577 449 2654 huius
481 2577 838 2654 Apostolicae
866 2577 1030 2638 Sedis
1048 2578 1412 2640 auctoritate
1435 2618 1452 2641 ‚
1479 2577 1762 2638 faciemus
1783 2625 1798 2653 ,

178 2666 438 2715 auctore
482 2658 741 2716 Domino
766 2702 782 2727 ,
810 2677 1003 2735 usque
1042 2656 1118 2719 ad
1150 2654 1620 2714 satisfactionem
1659 2675 1801 2714 con-

180 2733 465 2808 dignam,
499 2731 935 2794 inviolabiliter
972 2733 1309 2794 observari.
1635 2733 1642 2739 ’

261 2807 321 2889 §.
358 2828 448 2867 ιο.
489 2813 623 2869 Non
670 2807 1052 2871 obstantibus
1092 2809 1169 2869 de
1214 2814 1350 2886 iure
1385 2808 1636 2884 quaesito
1679 2826 1807 2866 non

184 2885 501 2959 tollendo,
542 2885 794 2964 aliisque
832 2890 1087 2954 nostris,
1120 2897 1203 2952 et,
1229 2881 1619 2944 cancellariae
1645 2888 1804 2961 Apo-

183 2963 418 3024 stolicae
452 2961 697 3040 Regulis
719 3009 737 3036 ,
774 2983 881 3022 seu
920 2961 1314 3040 Apostolicis.
1341 2981 1410 3018 ac
1449 2962 1511 3019 in
1550 2961 1806 3022 Univer-

184 3040 454 3113 salibus,
483 3037 959 3102 Provincialibus
976 3087 992 3111 ,
1015 3051 1077 3100 et
1099 3036 1504 3114 synodalibus
1527 3037 1811 3098 Conciliis

186 3119 409 3193 editis,
446 3116 827 3192 generalibus
858 3117 964 3177 'vel
1002 3115 1364 3193 specialibus
1409 3117 1809 3176 Constitutio-

189 3195 413 3266 nibus,
454 3207 515 3255 et
545 3195 1097 3270 Ordinationibus3
1134 3213 1247 3253 nec
1292 3211 1420 3252 non
1462 3192 1813 3270 quibusvis,

191 3275 385 3334 etiam
437 3271 792 3348 Apostolicae
836 3272 1001 3332 Sedis
1042 3271 1295 3330 scientia
1336 3278 1398 3328 et
1449 3267 1814 3342 tolerantia,

194 3350 297 3412 vel
325 3349 595 3428 ejusdem
633 3348 955 3425 temporali
983 3350 1330 3424 provisione
1370 3345 1670 3420 inductis,
1710 3357 1842 3406 aut·

196 3429 385 3488 etiam
421 3446 489 3486 ex
540 3446 695 3486 ressa
737 3427 1247 3492 confirmatione,
1301 3419 1398 3483 vel
1445 3423 1660 3498 quavis
1715 3423 1816 3482 fir.
1897 3452 1906 3464 ι

200 3505 421 3572 mitate
462 3525 496 3570 a
524 3505 583 3570 ‚ia
618 3503 921 3565 roboratis
961 3501 1167 3566 usibus
1200 3547 1217 3578 ,
1262 3510 1323 3560 et
1365 3499 1819 3562 consuetudini-

1390 3579 1518 3641 R¹2
