2442 3992
388 272 626 329 Pomm

389 340 458 397 A.
488 339 623 397 XII.

685 152 810 217 216
1079 91 1098 111 ⁶
1230 152 1613 219 Bnmzmcn
1652 148 1826 216 XIV.

678 275 823 321 cum
860 255 1146 319 omnibus
1193 268 1259 319 et
1292 256 1545 334 singulis
1590 258 2141 336 jurisdictionibuzg
2180 280 2275 337 po·

684 334 1034 407 testatibus,
1072 344 1136 395 et
1170 334 1539 412 privilegiis,
1564 336 2078 412 exemptionibus,
2109 333 2275 397 liber-

682 411 911 473 tatibus
935 456 952 485 ,
983 414 1397 489 praerogativis
1416 456 1433 484 ‚
1459 410 1935 472 antelationibus
1953 458 1971 487 ‚
2010 412 2275 485 indulti8‚

681 488 1148 549 auctoritatibus
1173 534 1190 561 ‚
1237 498 1299 547 et
1326 487 1747 560 facultatibus,
1796 508 1929 565 quae
1986 488 2134 549 ali'as
2180 509 2277 565 per

678 564 786 625 fel.
837 584 959 624 ree..
1009 564 1261 627 Paulum
1302 569 1454 639 111.‚
1501 568 1671 625 Pium
1721 570 1865 639 IV„
1912 566 2142 625 Sixtum
2170 572 2275 635 V„

678 639 934 701 Paulum
973 645 1161 706 etiam
1189 647 1269 704 V.
1312 641 1631 701 Urbanum
1656 646 1825 705 VIII.
1850 684 1869 714 ‚
1912 633 2277 702 Clementem

673 720 825 791 IX„
865 718 1247 779 Clementem
1282 716 1388 777 XI.
1430 728 1493 777 et
1535 716 1685 778 alios
1722 737 2136 796 quoscumque
2170 722 2275 778 Ro·
2338 730 2343 735 “

679 814 892 855 manos
933 794 1253 855 Pontifices
1305 794 1767 855 Praedecessores
1808 805 2049 856 nostros
2073 837 2092 865 ‚
2138 795 2272 854 bon.

679 891 859 931 mem.
927 871 1274 933 Alexandro
1318 869 1630 932 Cardinali
1672 872 1960 931 Farnesio
1988 916 2007 943 ‚
2052 881 2114 930 et
2154 891 2273 931 suc·
2330 934 2335 937 ,

678 948 904 1007 οεεεὶνὲ
943 948 1334 1025 Evangelistae
1390 945 1711 1008 Cardinali
1754 950 2129 1008 Consentino
2156 994 2172 1017 ‚
2212 968 2272 1006 ac

675 1025 941 1101 Scipioni
969 1023 1281 1086 Cardinali
1310 1024 1671 1101 But-ghend,
1704 1034 1764 1083 et
1789 1024 2269 1087 Francisco-Car·

676 1100 870 1159 dinali
916 1101 1282 1173 Barba-ino,
1330 1121 1401 1161 ae
1449 1099 1673 1161 Carolo
1736 1100 2054 1160 cardinali
2105 1103 2308 1177 etiam,

678 1176 1012 1236 Bai-berino
1040 1223 1057 1250 ,
1103 1188 1165 1237 et
1201 1179 1521 1238 Francisco
1566 1175 1879 1237 cardinali
1924 1175 2127 1249 Nerlio
2151 1223 2168 1249 ‚
2208 1198 2268 1237 ac

676 1251 1005 1312 Hannibali
1047 1252 1359 1315 cardinali
1408 1254 1639 1314 Albano
1688 1255 1888 1314 Sancti
1924 1252 2265 1325 Clementis,
2348 1308 2355 1317 .

676 1331 1011 1405 respective
1065 1332 1431 1407 nuncupatis
1456 1376 1473 1405 ,
1524 1330 1677 1391 dum
1720 1332 2006 1392 viverent
2040 1375 2055 1402 ,
2110 1331 2266 1391 dictae

675 1409 982 1467 Vaticanae
1016 1406 1277 1467 Basilicae
1309 1406 1889 1484 Archipresbyteris,
1921 1427 2115 1484 nuper
2136 1408 2267 1467 verb

673 1502 786 1559 per
821 1488 940 1543 Nos
985 1486 1142 1559 ipsos
1180 1483 1593 1544 dilecto.Filio
1634 1494 1843 1552 nostro
1884 1486 2145 1544 Henrico
2164 1486 2264 1542 .Τί-

674 1558 790 1619 tuli
809 1564 1038 1620 Sanctae
1060 1562 1261 1620 Mariae
1286 1562 1350 1620 in
1378 1562 1618 1620 Portica
1644 1571 2041 1637 nuncupatae,
2060 1564 2269 1621 Sanctae

673 1640 962 1696 Romanae
995 1636 1269 1698 Ecclesiae
1307 1636 1663 1712 Presbytero
1700 1636 2014 1698 Cardinali
2058 1682 2075 1709 ‚
2130 1639 2269 1697 Duci

671 1712 1011 1773 Eboracen.
1035 1724 1389 1791 nuncupato
1404 1758 1421 1784 ‚
1438 1711 2111 1791 Archipresbyteratum
2128 1721 2286 1790 ejus·-

671 1789 811 1849 dem
856 1788 1116 1850 Basilicae
1151 1810 1221 1849 ex
1270 1790 1653 1851 concessione
1682 1836 1698 1861 ‚
1741 1802 1805 1851 et
1838 1792 2269 1868 dispensatione

672 1868 898 1926 nostris
936 1868 996 1925 in
1019 1867 1459 1927 commendam
1484 1864 1563 1927 ad
1596 1868 1691 1927 sui
1718 1871 1911 1927 vitam
1947 1866 2269 1939 obtinenti,

670 1962 744 2000 ac
783 1962 994 2001 eorum
1021 1943 1270 2018 singulis
1294 1989 1309 2015 ‚
1337 1942 1631 2019 tanquam
1672 1942 1845 2004 dicta>
1872 1942 2133 2005 Basilicae
2166 1950 2273 2005 Ar·-

573 2024 578 2031 '
671 2019 1140 2096 chipresbyteris
1160 2066 1177 2093 ‚
1208 2030 1273 2079 et
1300 2018 1503 2097 quoad
1543 2018 1847 2081 Basilicam
1874 2030 1938 2079 et
1960 2020 2271 2081 Ecclesiam

635 2097 1019 2172 ,praedictam
1059 2144 1076 2170 ‚
1147 2099 1331 2157 etiam
1385 2095 1629 2155 illorum
1688 2116 1959 2173 personae
2010 2099 2269 2163 intuitu.

670 2171 771 2232 vel
811 2174 889 2233 ad
937 2193 1150 2233 eorum
1195 2177 1389 2234 vitam
1434 2173 1751 2241 dumtaxat
1808 2174 1873 2251 ip
1898 2194 2135 2250 -genere
2184 2172 2275 2248 vel

670 2251 736 2307 in
777 2253 972 2325 specie
1013 2271 1295 2311 concessa
1329 2259 1473 2311 sunt
1498 2295 1515 2324 ‚
1560 2261 1631 2325 etl
1660 2251 1911 2310 concedi
1958 2270 2269 2311 consueve-

670 2336 856 2398 runt3
905 2325 1182 2387 volumus
1221 2330 1288 2387 in
1348 2337 1659 2404 posterum
1711 2329 1919 2402 ipsius.
1954 2326 2267 2403 Archipre·

671 2401 920 2475 sbytero
978 2404 1269 2479 praedicto
1319 2425 1481 2463 nunc
1540 2405 1814 2464 existenti
1834 2407 1859 2477 '‚
1920 2410 2169 2480 ejusque
2214 2408 2272 2463 in

667 2489 1033 2554 perpetuum
1068 2482 1134 2539 in
1165 2479 1802 2556 ArchipresbyteratuS
1828 2480 2122 2561 dignitate
2140 2478 2267 2539 Suc·

671 2554 1008 2613 cessoribus
1033 2600 1050 2627 ‚
1094 2566 1220 2615 tam
1263 2576 1374 2631 per
1412 2578 1477 2615 se
1517 2559 1671 2633 ipsos
1700 2598 1717 2627 ‚
1772 2557 1955 2634 quam
1990 2576 2103 2633 per
2143 2577 2271 2617 snos

670 2632 1003 2706 respective
1037 2632 1308 2691 Vicat-ios
1352 2631 1577 2693 abillis
1608 2654 1722 2709 pro
1773 2646 2047 2710 tempore
2092 2632 2269 2710 depu-
2350 2692 2355 2705 ,

669 2706 889 2768 tandos
910 2752 927 2779 ‚
968 2710 1331 2768 auctoritate
1362 2708 1708 2786 Apostolica
1737 2711 2069 2771 exercenda
2087 2757 2104 2784 ,
2128 2731 2269 2787 prae·

635 2786 932 2844 *sentium
967 2782 1314 2844 litterarum
1351 2804 1638 2847 mansuro
1660 2788 1865 2861 vigore
1896 2799 2267 2863 competerc3

669 2862 757 2919 ita
807 2870 882 2919 ut
926 2860 1118 2921 futuri
1176 2881 1291 2937 pro
1344 2873 1619 2939 tempore
1661 2867 1971 2924 Vaticanae
2019 2864 2269 2925 Basilicae

668 2936 1197 3013 Archipresbyteri
1218 2985 1236 3011 ‚
1282 2940 1484 3015 vigore
1511 2938 1859 2999 litterarum
1894 2940 2271 3016 Apostolica·

441 2996 519 3049 AG
563 2996 646 3049 di·
669 3032 809 3071 rum
867 3034 1048 3090 super
1092 3018 1473 3076 concessione
1522 3015 1912 3076 Commendas
1956 3017 2107 3078 dicti
2161 3025 2268 3080 Ar·

374 3064 560 3131 gnitati
586 3100 604 3126 ‚

375 3149 479 3183 non
529 3149 643 3198 per-

372 3216 507 3251 sanae
520 3232 538 3263 ,
559 3199 645 3249 ad„-

669 3088 1261 3165 chipresbyteratus‚
1320 3114 1425 3153 seu
1461 3090 1621 3152 illius
1654 3092 1977 3153 collation‘e
2031 3104 2097 3153 et
2136 3115 2268 3171 pro-

668 3167 899 3226 visione
917 3213 933 3240 ,
980 3167 1391 3245 expeditarum
1412 3216 1428 3243 ‚
1456 3172 1660 3229 statim
1688 3180 1827 3248 post
1852 3171 2136 3248 adeptam
2170 3194 2267 3250 pa·

373 3283 557 3318 „exam
669 3242 902 3302 cificam
963 3245 1227 3322 ejusdem
1283 3240 1917 3324 Archipresbyteratus
1958 3252 2269 3325 possessio·
2330 3263 2339 3285 ⁸

312 3343 318 3351 ·
373 3336 493 3396 vult
557 3336 613 3386 in
671 3338 810 3379 nem
843 3365 861 3394 ‚
913 3318 1262 3400 hujusmodi
1313 3322 1686 3399 spiritualem
1744 3324 2227 3403 iurisdietionem
2256 3372 2271 3395 ,

371 3409 646 3466 posterum·
668 3408 979 3499 tamquam
1013 3399 1592 3498 Archipresbynterali
1639 3403 1933 3480 Dign‘itati
1978 3404 2271 3479 perpetub

1980 3477 2271 3546 adnexam
