2442 3992
771 132 1218 200 BULLAan.
1675 157 1797 226 29²

167 244 394 307 etorali
451 243 809 320 insignitum
842 288 858 314 ‚
909 263 978 301 ac
1032 243 1297 320 probum
1350 255 1415 303 et
1470 243 1757 305 idoneum
1786 292 1801 320 ‚
1859 259 2066 319 3330

165 330 503 395 Exterum,
561 340 700 380 cum
742 339 1012 396 congrua
1055 321 1136 380 ab
1177 324 1309 397 ipso
1348 323 1643 398 Episcopo
1686 327 1801 383 Eu·
1898 327 2045 397 1752.

167 400 404 476 gabino
425 397 688 458 taxanda
706 441 723 466 ,
763 407 826 456 et
852 418 889 456 a
917 401 1379 457 communitate
1402 397 1805 475 persolvenda

167 479 268 537 sin
305 478 508 536 minus
535 473 806 550 eiusdem
822 478 1026 533 Terrae
1059 478 1120 532 in
1161 476 1493 540 Civitatem
1520 495 1633 551 per
1650 479 1767 535 Nos
1787 522 1806 550 ,

167 563 248 614 ut
275 553 602 630 praefertur
621 597 636 624 ‚
673 560 888 610 erectae
907 593 920 619 ,
961 571 1066 610 seu
1089 551 1266 612 dictae
1294 551 1625 628 Eugubinae
1650 555 1802 612 Dioe-
1894 617 1905 626 ,

169 633 363 702 οεείε,
406 631 623 692 Civem
661 626 760 688 vel
802 625 1108 700 Incolam,
1157 629 1224 688 in
1272 630 1365 687 sui
1412 629 1599 704 ipsius
1629 631 1803 690 Vica-

172 708 338 768 rium
357 711 706 766 Foraneum
726 701 1034 765 stabiliter
1063 704 1363 782 deputare
1385 749 1399 775 ‚
1433 727 1503 765 ac
1528 708 1591 765 in
1620 727 1658 764 u
1670 708 1805 766 nius

171 803 287 861 pro
333 793 612 858 tempore
659 780 930 840 cedentis
960 826 979 854 ,
1035 780 1133 840 vel
1183 783 1423 852 amoti,
1482 791 1590 842 aut
1630 783 1803 842 dece·
1872 791 1879 800 “

173 860 376 920 dentis
403 857 608 919 locum
628 901 647 930 ,
680 855 941 918 alterum
972 857 1196 918 eisdem
1234 857 1634 937 qualitatibus
1652 880 1804 936 praea

175 938 376 997 ditum
425 937 844 1014 quantocitius
869 934 1070 994 modo
1129 955 1409 1012 expresso
1471 936 1805 1012 subrogare

175 1013 436 1083 debeat,
479 1023 542 1072 et
591 1020 914 1086 teneatur3
956 1017 1090 1087 Ipse
1144 1024 1351 1074 autem
1393 1014 1673 1076 Vicarius
1718 1017 1803 1074 sic
1909 1007 1919 1018 ’
1963 1047 2099 1113 ujus.

173 1091 550 1168 deputatus,
608 1087 834 1151 Civiles
881 1089 1129 1164 quidem
1173 1109 1383 1149 omnes
1434 1101 1496 1150 et
1535 1089 1875 1167 singulasm
1948 1117 1965 1166 i
2010 1115 2101 1167 νς,

176 1187 423 1241 causas,
460 1162 852 1240 ordinarias,
889 1168 1266 1237 executivas,
1311 1179 1373 1225 et
1410 1170 1801 1244 summarias,
1824 1182 1948 1234 carii
1993 1183 2069 1233 fa.

177 1257 238 1306 et
275 1256 407 1304 tam
456 1243 518 1302 in
572 1243 904 1316 petitos-ic,
949 1242 1136 1318 quam
1181 1245 1246 1302 in
1296 1247 1661 1318 possessorio
1703 1251 1800 1322 ju-
1823 1250 2047 1300 cantatos

177 1321 338 1382 dicio
357 1366 376 1392 ,
425 1329 488 1378 et
519 1317 804 1395 profanas
827 1359 846 1384 ,
893 1337 963 1377 ac
988 1320 1223 1377 ’mixtas
1253 1363 1270 1391 ‚
1310 1329 1373 1380 et
1404 1324 1797 1397 compromis·
1822 1316 2101 1396 quqaiciis

177 1418 310 1472 sas,
351 1399 518 1456 inter
549 1413 838 1470 personas
861 1436 878 1460 ,
931 1393 1106 1454 dictae
1147 1400 1353 1454 Terrae
1387 1396 1651 1473 Pergulae
1689 1419 1801 1474 per
1821 1383 2101 1462 C¹'⁸¹'¹.”¹⁸⁹

178 1479 296 1536 Nos
337 1475 404 1533 in
451 1472 780 1532 Civitatem
843 1481 1092 1546 erectae,
1147 1477 1397 1548 eiusque
1435 1477 1753 1533 Territorii
1780 1459 2084 1548 ,⁰⁰⁰⁰⁰¹⁰²⁰

178 1571 280 1611 seu
323 1550 672 1612 Comitatus
703 1591 722 1618 ‚
785 1544 1024 1606 Incolas
1061 1593 1078 1620 ‚
1141 1558 1204 1607 et
1258 1548 1597 1610 Ordinariae
1634 1550 1801 1611 *dicti

179 1627 456 1705 Episcopi
495 1624 801 1700 Eugubini
849 1623 1267 1684 Jurisdictioni
1309 1624 1645 1701 subjeetaS,
1694 1647 1803 1689 seu

179 1710 330 1766 Loca
359 1749 378 1776 ,
436 1700 746 1778 collegia,
791 1709 854 1760 et
903 1703 1350 1772 ,Universitates
1400 1700 1553 1761 inibi
1604 1705 1797 1762 consi-

179 1782 400 1842 stentia
421 1825 440 1850 ,
471 1775 563 1840 vel
597 1779 780 1842 etiam
819 1777 982 1837 inter
1017 1775 1171 1840 alios
1199 1797 1651 1856 quoscumque,
1692 1780 1802 1839 ubi

180 1857 254 1918 de
304 1856 495 1917 rebus
551 1854 782 1914 ibidem
815 1855 953 1918 ,sitis
1011 1866 1267 1932 agatur,
1318 1865 1379 1914 et
1431 1855 1585 1915 alias
1618 1875 1801 1932 super

180 1935 666 2012 quibuscumque
705 1931 1104 2007 pecuniarum
1144 1933 1397 1994 summis
1425 1977 1441 2007 ,
1488 1943 1550 1994 et
1592 1935 1801 1994 Gensi-

181 2010 326 2083 bus,
373 2008 632 2086 aliisque
668 2008 1197 2084 responsionibus,
1239 2008 1545 2086 rebusque
1590 2029 1663 2069 ac
1689 2010 1798 2070 bo·-

184 2090 271 2148 nis
304 2085 392 2148 ’ad
431 2103 880 2176 quamcumque
909 2087 1311 2162 pecuniarum
1343 2089 1643 2148 summam
1674 2131 1692 2154 ‚
1727 2105 1799 2146 ac

181 2183 546 2236 numerum,
577 2169 980 2244 quantitatem
1001 2206 1018 2234 ‚
1061 2171 1124 2222 et
1157 2159 1432 2223 valorem
1468 2161 1795 2229 ascenden-

183 2241 380 2313 tibus,
413 2237 728 2324 rebusque
765 2235 898 2298 aliis
947 2239 1011 2296 in
1047 2239 1198 2298 actis
1237 2257 1558 2298 causarum
1588 2237 1794 2316 huius·

183 2317 350 2378 modi
389 2316 594 2377 forsan
641 2313 1048 2384 deducendis,
1091 2324 1153 2374 et
1192 2312 1442 2373 illorum
1480 2317 1795 2378 occasione

182 2414 318 2454 cum
361 2391 648 2452 omnibus
681 2401 744 2452 et
777 2388 1030 2466 singulis
1065 2391 1190 2450 suis
1219 2390 1658 2461 incidentibuS,
1692 2392 1793 2453 de-

183 2468 596 2548 pendentibus
625 2511 640 2536 ,
677 2465 1126 2548 emergentibus
1150 2509 1169 2536 ‚
1226 2469 1476 2528 annexis
1498 2513 1515 2542 ,
1553 2478 1616 2528 et
1651 2489 1794 2530 con·

184 2548 348 2608 nexis
370 2591 390 2619 ,
445 2546 699 2605 servatis
745 2556 953 2612 temen
1010 2542 1086 2604 de
1140 2551 1277 2622 jure
1326 2545 1637 2605 servandis
1666 2592 1683 2616 ,
1730 2547 1797 2622 in

181 2625 382 2702 prima
421 2619 769 2699 huiusmodi
812 2639 1132 2682 causarum
1171 2622 1463 2682 instantia
1492 2667 1509 2695 ,
1552 2621 1797 2693 audire,

181 2717 581 2778 cognoscere,
616 2696 898 2758 decidere
917 2742 934 2769 ‚
961 2698 1202 2776 fineque
1234 2696 1442 2758 debito
1468 2701 1799 2758 terminare
1884 2751 1891 2754 .

183 2777 376 2854 possit
419 2784 486 2836 et
531 2771 736 2835 valeat
774 2796 792 2835 ε
845 2793 986 2834 cum
1027 2773 1320 2835 facultate
1358 2774 1550 2834 dictas
1592 2779 1798 2834 Partes

185 2853 564 2931 respective,
607 2860 671 2911 et
713 2870 922 2911 omnes
967 2849 1116 2911 alios
1155 2869 1311 2928 quos
1348 2869 1501 2927 opus
1540 2851 1620 2910 sit
1647 2895 1665 2923 ‚
1715 2852 1798 2908 ci·-

183 2929 404 3003 tandi,
449 2930 690 3004 eisque,
723 2929 964 3004 quoties
999 2947 1152 3006 opus
1188 2927 1410 2997 fuerit,
1454 2926 1639 2990 etiam
1684 2926 1801 2988 sub

187 3007 476 3069 Censuris
497 3003 957 3076 Ecclesiasticis,
995 3016 1057 3065 et
1077 3003 1447 3082 pecuniariis
1466 3003 1660 3080 poenis
1688 3023 1802 3066 suo

187 3083 446 3145 arbitrio
495 3081 884 3142 moderandis
917 3123 933 3151 ,
999 3092 1060 3140 et
1109 3087 1277 3159 juxta
1320 3079 1471 3140 dicti
1523 3079 1803 3158 Episcopi

189 3159 493 3238 Eugubini
530 3156 817 3224 mandata
854 3155 1231 3234 applicandis
1259 3203 1276 3232 ,
1322 3155 1684 3232 inhibendi,
1738 3167 1802 3217 et

191 3238 252 3298 in
285 3247 580 3299 eventum
622 3255 745 3296 non
783 3235 1100 3312 peritionis
1124 3281 1141 3305 ‚
1177 3254 1387 3312 poenas
1409 3273 1430 3307 ‚
1480 3243 1543 3292 et
1590 3253 1799 3294 censu,

193 3333 286 3374 ras
298 3314 618 3392 predictas
641 3313 964 3372 incurrisse
982 3357 1000 3386 ,
1022 3321 1084 3372 et
1115 3311 1395 3372 incidisse
1416 3307 1802 3383 declarandi,

195 3409 410 3471 easque
438 3387 806 3468 aggravandi
823 3433 840 3466 ,
871 3387 1307 3467 reaggravandi
1321 3431 1341 3464 ,
1366 3383 1771 3526 {utet-dicendi
1784 3425 1802 3455 ,

1463 3481 1501 3520 2

1741 3581 1770 3639 ἓ
