2442 3992
539 225 554 247 .
629 182 757 255 428
1093 188 1783 257 SUPPLEMENTUK.

361 310 430 367 Ν,
459 310 568 365 ῙΠ,
627 296 804 369 illum
843 296 1096 357 omnino
1131 298 1467 373 perfectum
1510 295 1875 373 quandoque
1910 296 2255 358 consistere

329 400 530 445 eontra·
629 375 902 448 credant,
930 376 1078 452 quin
1095 376 1170 435 ad
1187 377 1559 449 Sacramenti
1576 371 1988 435 excellentiam
2010 378 2252 450 pertin·

329 466 444 513 etus
480 494 498 528 ‚
627 462 772 528 gat3
811 452 916 511 sed
951 450 1257 528 ,quidquid
1302 453 1383 511 sit
1417 450 1495 511 de
1530 451 1646 511 hac
1684 452 1971 527 opinione
2000 494 2017 523 ,
2056 472 2259 528 quam

329 545 484 606 quam
551 526 607 577 in
629 533 748 589 Nos
769 529 1014 606 quidem
1031 529 1279 589 nuncin
1304 526 1499 589 medio
1520 526 1937 604 relinquimus,
1962 546 2034 585 ea
2048 530 2250 602 certe,

331 602 529 648 “mm
629 606 792 682 quod
829 607 1050 666 attinet
1074 606 1150 665 ad
1190 623 1317 667 rem
1342 616 1732 681 praesentem,
1760 603 1962 664 locum
2001 602 2256 665 nullum

329 661 503 741 &⁰⁹⁸5
627 682 744 751 sibi
778 685 1086 743 vindicare
1121 692 1322 759 potest
1354 682 1516 757 apud
1552 702 1689 750 eoS,
1721 683 1827 758 qui
1879 679 2254 743 Tridentina

331 736 511 781 'mnu‘
627 758 758 835 lege
787 760 1255 839 obstringuntur
1284 781 1301 819 ε
1340 760 1575 819 Etenim
1600 760 1703 836 qui
1725 768 1946 835 proeter
1980 757 2256 819 formam

511 848 518 853 “
627 858 664 897 a
704 858 767 899 se
803 839 1246 913 praescriptam,
1284 837 1739 897 Matrimonium
1764 834 2133 897 contrahere
2158 846 2252 896 at-

630 924 877 977 tentant
895 960 912 987 ,
940 934 1152 973 eorum
1181 912 1539 981 Tridentina
1573 912 1853 986 synodus
1876 933 2001 971 non
2024 916 2250 972 'Sacra-

626 1003 906 1061 mentum
937 991 1150 1061 mod0,
1187 990 1294 1049 sed
1332 994 1731 1055 Contractum
1768 990 1965 1066 ipsum
1992 989 2253 1049 irritum

627 1064 850 1139 diserte
880 1067 1280 1144 pronunciat,
1301 1076 1365 1125 at
1411 1088 1487 1127 ue
1509 1077 1578 1127 ut
1598 1072 1725 1145 ejus
1740 1065 1943 1127 verbis
1956 1076 2213 1129 utamur
2230 1086 2252 1126 ³

625 1140 754 1199 Eos
793 1144 878 1201 ad
921 1145 1006 1200 sic
1035 1142 1313 1201 contrahe
1440 1144 1763 1213 momnino
1794 1142 2086 1201 inhabiles
2117 1142 2251 1213 zed-

625 1218 714 1275 dic
727 1264 748 1292 ‚
773 1222 834 1281 ,et
849 1219 1202 1293 ⁴hujusmodi
1233 1230 1560 1277 contractus
1590 1220 1775 1277 irn't'os
1810 1239 1937 1277 esse
1964 1218 2249 1279 decemita

628 1301 864 1371 Quare,
903 1310 1044 1356 cum
1075 1298 1239 1356 inter
1264 1296 1610 1357 catholicos
1644 1299 1707 1357 in
1744 1286 1875 1369 istis
1909 1297 2250 1377 Provinciis

329 1356 604 1478 ᾒΡώἓῗ·
628 1372 912 1455 degentes
933 1384 994 1433 et
1013 1372 1469 1451 promulgatum
1487 1384 1559 1436 ,et
1580 1383 1891 1449 receptum
1915 1379 2035 1451 jam
2052 1372 2247 1432 fuerit

329 1443 462 1545 cati
527 1460 606 1545 ii·
628 1448 786 1510 illud
838 1450 1189 1512 Tridentini,
1228 1456 1589 1527 Decretum,
1640 1449 1804 1528 quod
1862 1449 2046 1510 ambo
2086 1449 2243 1509 fate-

327 1560 612 1613 nummo,
630 1530 820 1605 mini;
860 1530 1247 1605 perspicuum
1303 1540 1423 1599 est,
1474 1526 1937 1589 Matrimonium
1982 1525 2065 1587 ab
2098 1528 2247 1604 ipsis

328 1626 462 1681 1100,
494 1624 607 1681 pm,
629 1604 890 1685 invicem
946 1606 1169 1667 initum
1225 1621 1429 1665 coram
1484 1603 1667 1665 Ci'vili
1726 1604 2085 1680 magistratu
2136 1614 2249 1663 aut

329 1692 500 1747 dotati
628 1680 985 1743 Acatholico
1023 1676 1351 1743 Ministello
1369 1727 1385 1757 ‚
1408 1691 1484 1740 'et
1522 1703 1647 1745 non
1684 1682 1829 1741 item
1858 1694 2067 1740 coram

330 1756 525 1843 Belgji,
550 1764 608 1815 in
672 1761 764 1820 rio
797 1759 1152 1837 alterutrius
1177 1758 1673 1823 contrahentium
1694 1756 1964 1817 P'arocho
2000 1767 2067 1817 et
2090 1702 2246 1819 Suo·

331 1828 555 1882 dubium
675 1856 744 1896 us
794 1835 1107 1908 Testibus,
1165 1850 1367 1911 neque
1412 1836 1476 1895 in
1530 1836 1767 1899 ratione
1822 1836 2200 1909 sacramenti
2228 1874 2249 1906 ,

330 1908 442 1947 ¹¹⁰⁰
467 1914 606 1955 ‘ew'
629 1926 830 1990 neque
863 1914 926 1977 in
954 1913 1194 1977 ratione
1219 1915 1587 1971 Contractus
1626 1910 1909 1993 sustineri
1928 1956 1944 1985 ,
1975 1921 2086 1971 aut
2114 1909 2247 1971 ullo

329 1968 494 2015 ‘'tm''
626 2001 810 2067 pacto
845 1987 1115 2050 validum
1155 1989 1424 2064 reputari
1466 2006 1659 2063 posse.
1702 1991 1908 2065 Neque
1952 1986 2241 2053 verbra-

627 2067 867 2139 tiones.,
923 2075 1175 2143 propter
1237 2086 1389 2142 quas
1442 2063 1645 2126 valida
1698 2064 2247 2140 pronunciavimus

627 2143 1048 2215 Matrimonia,
1085 2162 1218 2219 quae
1250 2152 1359 2201 aut
1389 2140 1468 2200 ab
1492 2140 1787 2201 haereticis
1822 2141 1985 2203 inter
2010 2159 2107 2212 sc,
2136 2151 2249 2201 aut

628 2239 666 2278 a
708 2218 1042 2281 Catholicis
1081 2235 1223 2277 cum
1279 2217 1611 2290 haereticis,
1654 2219 1717 2277 in
1766 2218 1896 2277 istis
1936 2216 2249 2293 foederatis

627 2298 962 2356 Provinciis
1017 2291 1504 2368 contrahuntur,
1560 2314 1685 2355 non
1742 2302 1985 2355 servata
2042 2292 2249 2357 forma

627 2373 1014 2443 Tridentini,
1069 2374 1271 2449 aptari
1318 2380 1554 2449 queunt
1595 2371 1906 2449 conjugiis
1962 2372 2129 2433 inter
2182 2392 2249 2433 se

629 2450 796 2508 initis
839 2470 910 2509 ‚a
975 2449 1307 2509 Catholicis
1354 2495 1375 2522 ,
1442 2465 1705 2524 quorum
1779 2446 2042 2523 quilibet
2108 2450 2241 2507 Tri-

629 2526 870 2587 dentini
917 2530 1172 2586 Decreto
1215 2546 1281 2585 se
1319 2526 1685 2593 obstrictum
1726 2528 2037 2600 agnoscit,
2088 2531 2243 2603 eius-

329 2616 612 2671 Praemissae
629 2624 750 2683 que
786 2623 849 2663 se
892 2604 1319 2663 auctoritatem
1370 2623 1433 2662 se
1478 2601 1541 2661 ui
1576 2600 1924 2677 profitetur·
2057 2658 2065 2665 .

331 2684 594 2737 Doctrinae
692 2679 761 2759 §-
791 2679 850 2739 3.
891 2680 1094 2743 Sciant
1117 2680 1325 2755 itaque
1349 2623 1649 2740 Catlholioi
1674 2688 1883 2739 vestrae
1912 2696 2075 2737 curae
2095 2694 2239 2740 con-

331 2758 596 2833 consec-ta-
631 2758 879 2825 crediti,
926 2758 1066 2817 cuni
1109 2755 1291 2823 Civili
1344 2756 1753 2832 Magistratui,
1802 2765 1911 2818 aut
1954 2752 2240 2816 haeretico

329 2818 443 2885 ¹⁴⁸2
477 2835 610 2871 “¹¹⁰⁸
632 2833 960 2916 Ministello
1007 2834 1377 2895 Matrimonii
1421 2831 1771 2893 celebrandi
1820 2840 2003 2895 causa
2048 2852 2113 2891 se
2156 2833 2239 2899 ‚si-

328 2894 577 3005 Ἲὲἓῖᾗῗ
631 2924 838 2989 stunt,
895 2922 1097 2972 actum
1135 2931 1199 2971 se
1248 2909 1415 2976 mere
1465 2908 1705 2969 civilem
1755 2928 2070 2981 exercere,
2116 2928 2243 2987 quo

325 2970 610 3073 {mmmm
630 3010 808 3049 suum
849 3010 990 3065 erga
1033 2994 1211 3063 Leges
1243 2998 1306 3047 et
1352 2990 1639 3047 Instituta
1685 2986 2041 3062 Principum
2068 2982 2237 3045 obse·

400 3122 413 3135 ,
629 3068 844 3141 quium
876 3064 1208 3125 ostendunt
1240 3085 1257 3123 ε
1296 3064 1599 3123 Caeteriim
1641 3074 1791 3123 tunc
1831 3060 2078 3140 quidem
2105 3061 2238 3123 nul·

349 3121 608 3239 Cffssff‘
630 3139 760 3201 lum
799 3163 835 3201 a
879 3162 942 3200 se
983 3139 1266 3202 contrahi
1322 3142 1803 3199 Matrimonium.
1842 3142 2081 3211 Sciant,
2126 3140 2239 3203 nisi

329 3204 832 3307 ξξῖζῑσζιῗῗοοτεσι
883 3218 1161 3277 Ministro
1207 3215 1529 3277 Catholico
1570 3228 1630 3277 et
1668 3214 1909 3277 duobus
1959 3215 2239 3276 Testibus

327 3323 515 3375 bruun
625 3297 868 3373 nuptias
905 3292 1385 3363 celebraverint,
1428 3314 1575 3353 num
1624 3314 1765 3354 uam
1788 3314 1885 3367 se,
1918 3312 2117 3368 neque
2140 3312 2239 3353 co·

259 3404 274 3415 ·
328 3374 600 3443 Matrimo.
624 3394 756 3435 ram
795 3378 952 3443 Deo,
995 3390 1192 3447 neque
1244 3390 1449 3431 coram
1493 3376 1607 3431 Ecc
1634 3373 1786 3443 esia,
1832 3388 2011 3429 veros
2049 3380 2113 3429 et
2155 3368 2237 3429 lc·

326 3456 474 3511 nium
507 3475 596 3511 an-
621 3453 864 3526 gitimos
905 3454 1204 3527 Coniuges
1240 3448 1371 3509 fore
1400 3468 1419 3507 z
1468 3468 1579 3508 nec
1596 3489 1621 3518 ,
1664 3450 1713 3510 si
1746 3448 1993 3510 interim
2025 3451 2235 3523 coniu-

1900 3742 1906 3750 ,
1952 3724 1985 3745 ι’·
