2442 3992
596 105 713 194 106
1132 109 1520 180 BENEmc'ri
1561 104 1735 178 XIV.

294 225 337 286 P
358 247 395 286 o
415 247 453 286 π
477 247 531 286 τ.
590 241 625 278 a
653 217 900 280 Tostato
926 217 1014 276 ad
1040 231 1252 298 quoesc.
1285 240 1381 280 22.
1419 220 1717 297 pluribus,
1735 219 2179 296 comprobatur
2199 239 2220 282 τ

294 300 366 354 Α.
396 298 532 354 XII.
590 297 645 352 si
702 308 903 354 autem
940 295 1067 354 sola
1104 295 1333 375 fuisset
1387 297 1452 352 in
1491 307 1625 354 voto
1645 342 1662 370 ,
1721 315 1840 354 non
1890 298 2177 356 tenui-raet
2192 323 2222 370 ,-

591 373 755 451 quod
784 375 968 434 etiam
1003 372 1312 434 calmetus
1349 373 1693 434 confirmat.

293 459 569 524 HincAvia
663 449 719 529 §.
754 469 816 530 9.
852 456 1155 527 Quorsum
1210 459 1419 510 nostra
1474 451 1600 510 haec
1647 450 1846 510 omnis
1897 449 2216 527 pertineat

292 531 357 575 ab
380 527 569 591 eojure
593 529 980 594 ratiocinatio
1008 574 1025 601 ‚
1091 529 1344 590 minime
1386 526 1498 588 tibi
1566 526 1895 587 obscurum
1935 548 2060 588 esse
2105 549 2220 606 po·

293 595 503 644 0¹⁰¹⁰⁸⁸
531 662 543 674 ,
590 614 745 682 test3
791 606 933 665 cum
976 605 1138 666 enim
1181 625 1254 665 ex
1290 624 1360 664 ea
1395 601 1594 682 colligi
1628 606 1853 681 possit,
1877 603 2216 681 legitimam

292 660 567 740 mmmm:
592 682 981 760 impuberum
1030 679 1404 742 oblationem
1468 683 1681 758 patriae
1751 679 2070 758 potestatis
2122 703 2220 744 se·-

292 743 393 777 nus
408 729 567 779 viden

290 803 463 860 Pom,
482 812 567 846 m,-
592 759 832 850 qiielam
868 778 991 818 esse
1012 804 1027 832 ‚
1053 760 1330 850 ‘cumque
1353 770 1608 834 paterna
1645 759 1780 850 avia
1807 777 1876 818 ea
1912 768 2222 835 potestate

330 867 437 932 0¹9⁸
505 865 565 914 ad
593 837 841 897 minime
879 835 1133 914 praedita
1180 844 1300 906 sit,
1345 839 1442 912 ius
1478 834 1775 896 offerendi
1815 846 2098 911 nepotem
2145 857 2221 898 ex

336 929 491 994 aptis-

592 911 716 974 filio
756 931 1071 990 nunquam
1110 911 1188 972 ad
1231 930 1364 971 eam
1402 914 1710 989 pertinere
1751 923 1988 990 potest3
2019 913 2071 972 si
2106 934 2218 974 au-

293 1011 437 1044 mum
475 1012 565 1046 vn·
592 1001 713 1052 tem
757 990 820 1050 id
861 999 1133 1068 paternae
1159 986 1343 1058 aviae,
1379 1007 1516 1050 cum
1565 988 1640 1048 de
1670 1000 1890 1066 nepote
1925 989 2001 1050 ad
2029 987 2214 1051 Clau·

292 1062 561 1114 lideobtu-
588 1079 819 1144 strum,
861 1068 988 1127 sive
1028 1065 1466 1126 Monasterium
1507 1064 1818 1126 offerendo
1850 1087 1882 1126 a
1925 1067 2082 1139 itur,
2121 1068 2242 1128 in·-

292 1127 431 1181 lisse-

590 1145 917 1204 terdictum
964 1153 1099 1218 est3
1151 1143 1376 1220 potiori
1422 1143 1660 1202 ratione
1704 1143 1866 1203 inter
1914 1145 2099 1203 ictum
2125 1142 2217 1203 illi

590 1241 716 1280 esse
748 1219 995 1280 debebit
1020 1219 1368 1297 huiusmodi
1401 1231 1680 1300 nepotem
1725 1217 1804 1280 ad
1841 1221 2218 1298 Baptismum

588 1297 809 1358 offerre
838 1318 856 1374 3
889 1297 1119 1357 etenim
1146 1341 1164 1370 ‚
1200 1295 1536 1372 secundum
1579 1298 1996 1358 recentiorem
2029 1296 2207 1358 disci-

587 1373 825 1452 plinam
853 1419 869 1446 ‚
919 1384 991 1435 ut
1038 1393 1224 1450 supra
1278 1371 1524 1442 dictum,
1564 1383 1652 1435 est
1683 1420 1699 1444 ‚
1751 1373 2064 1450 impubes»,
2105 1377 2215 1452 qui

588 1452 932 1512 Monosticae
973 1451 1112 1510 vitae
1144 1449 1410 1510 'oblatus
1451 1451 1584 1525 est,
1627 1449 1767 1510 cum
1804 1450 1882 1511 ad
1917 1449 2212 1528 puberta-

587 1538 711 1588 tem
768 1529 1161 1605 pervenerit,
1217 1525 1586 1602 Religiosum
1633 1529 1992 1588 Institutum
2041 1527 2209 1589 dese·

586 1605 763 1665 rendi
805 1603 1152 1666 libertatem
1190 1600 1416 1680 habet3
1459 1601 1564 1663 sed
1601 1605 1820 1664 infanti
1855 1615 1964 1666 aut
2009 1605 2210 1684 impu-

582 1681 719 1743 beri
755 1683 964 1742 Judaeo
1000 1681 1075 1742 ad
1112 1681 1482 1757 Baptismum
1521 1679 1732 1743 oblato
1759 1728 1776 1755 ‚
1817 1692 1880 1743 et
1901 1681 2214 1760 baptizato

582 1760 649 1820 in
694 1756 1231 1892 ChristianadFide
1264 1757 1748 1836 permanendum
1787 1761 2040 1835 omnino
2073 1771 2168 1820 est
2193 1806 2210 1833 ‚

582 1847 645 1896 et
670 1856 699 1904 ‚·
728 1836 777 1896 si
820 1838 960 1896 cum
1014 1855 1051 1895 a
1136 1831 1524 1910 pubertatem
1562 1837 1948 1910 pervenerit,
1990 1848 2211 1898 contra

578 1913 781 1974 facere
832 1920 1191 1990 praesumat,
1257 1912 1582 1970 Canonicis
1629 1914 1822 1988 poenis
1869 1915 2164 1990 punietur
2191 1959 2208 1990 ,

576 1989 914 2052 secundum
944 1987 1232 2050 Bonifacii
1250 1992 1418 2050 VIII.
1443 1987 1852 2056 Decretolem.
1881 1997 2054 2070 cujus
2088 1992 2206 2052 ini·

579 2069 737 2128 tium
784 2067 1033 2142 contra,
1072 2063 1188 2125 sub
1237 2063 1420 2126 titulo
1462 2063 1534 2120 de
1579 2063 1867 2133 hoerett'cis
1905 2069 1968 2124 in
2019 2080 2204 2128 sexto.

577 2145 811 2208 ‘Verum
856 2145 999 2222 quia
1064 2142 1414 2221 hujusmodi
1469 2145 1984 2218 argumentationi
2043 2143 2205 2206 illud

576 2219 777 2281 valide
809 2219 1246 2298 opponendum
1293 2220 1561 2293 occurrit
1586 2266 1602 2291 ,
1633 2219 2010 2298 permultum
2043 2220 2204 2284 scili·

577 2306 674 2357 cet
703 2296 1071 2357 discriminis
1109 2297 1273 2354 inter
1311 2295 1662 2356 claustrum
1685 2340 1700 2364 ,
1734 2319 1803 2358 ac
1829 2303 1908 2358 Ba
1953 2301 2202 2360 tismum

576 2373 957 2434 intercedere
976 2419 993 2449 ,
1026 2392 1165 2432 cum
1194 2373 1332 2440 ‚sine
1363 2375 1552 2449 priori
1583 2386 1807 2435 aeterna
1845 2397 1905 2436 sa
1933 2397 2003 2436 us
2041 2374 2200 2437 obti-

575 2452 711 2510 neri
745 2451 969 2528 possit,
1010 2468 1143 2526 quae
1185 2450 1317 2508 sine
1337 2449 1554 2511 ‘altero
1585 2455 1936 2530 neutiquam
1965 2457 2201 2530 sperari

618 2535 775 2587 otest
810 2549 829 2604 3
881 2526 957 2586 de
1018 2525 1325 2602 Baptismo
1370 2526 1816 2604 dispiciendum
1858 2529 2043 2592 Nobis
2081 2532 2202 2593 hoc

571 2547 708 2664 foco
740 2613 867 2667 ests
907 2623 977 2663 ac
1002 2602 1545 2664 demonstrandum
1567 2650 1584 2679 ‚
1622 2608 1825 2668 omnia
1848 2652 1862 2680 ,
1893 2628 2198 2684 quaecum·

572 2701 693 2758 que
743 2681 905 2741 dicta
946 2677 1203 2753 sunt‚de
1255 2677 1566 2742 oblatione
1607 2683 1682 2743 ad
1724 2686 2196 2758 monasterium,

570 2755 1091 2834 haberejocums
1120 2756 1308 2816 etiam
1347 2758 1485 2820 cum
1530 2761 1731 2837 agitur
1772 2761 1850 2821 de
1886 2759 2198 2824 oblatione

571 2833 649 2896 ad
695 2835 1093 2912 Baptismum.
1287 2847 1290 2852 ·
2167 2905 2174 2912 .

646 2909 701 2990 §-
756 2931 846 2970 10.
887 2915 1003 2972 Res
1064 2909 1234 2982 haec,
1281 2909 1357 2969 de
1403 2931 1524 2988 qua
1577 2915 1940 2992 quaet-imm,
1984 2925 2116 2978 ’tam
2155 2939 2193 2978 a

568 2986 888 3065 Theologis
914 3033 932 3062 ,
970 2987 1153 3065 quam
1191 3008 1228 3047 a
1270 2989 1578 3049 Pontifici‘r
1609 2994 1772 3052 Juris
1807 2991 2022 3070 peritis
2053 3013 2191 3071 per·

568 3074 872 3125 tractatur
898 3109 915 3140 ,
959 3066 1206 3143 quinam
1245 3064 1530 3126 videlicet
1571 3069 1728 3143 sint,
1769 3071 1874 3146 qui
1921 3067 2077 3131 filios
2099 3074 2190 3132 in-

565 3142 800 3216 fantes,
842 3139 947 3204 ·vel
986 3140 1331 3218 impuberes
1372 3143 1733 3206 Christianae
1763 3144 2096 3222 Religioni,
2131 3161 2196 3208 et

563 3223 786 3294 Sancto
818 3221 1168 3296 Baptismati
1197 3217 1494 3282 offerendi
1529 3227 1624 3300 jus
1659 3223 1950 3284 habeant.
1985 3227 2192 3285 Primo

564 3297 751 3372 igitur
786 3294 921 3357 loco
942 3339 961 3372 ,
994 3283 1345 3375 huiusmodi
1377 3305 1472 3376 jus
1517 3319 1704 3376 penes
1741 3312 2025 3380 parentes
2064 3322 2193 3381 esse

568 3371 874 3436 affirmant
901 3419 918 3452 ,
961 3373 1085 3439 sive
1138 3375 1183 3436 ii
1243 3371 1544 3454 Neophyti
1601 3380 1725 3440 sint
1761 3425 1778 3456 ,
1835 3378 1961 3444 sive
2002 3380 2190 3440 etiam
