2442 3992
635 126 1329 201 SisPPLEMENTtsm.
1668 132 1791 221 593

173 254 322 312 co'ra
344 286 356 306 .
386 253 573 320 atque
608 242 802 303 officia
824 285 840 314 ‚
875 242 1218 321 opportune
1251 227 1333 303 ad
1359 238 1559 304 Divini
1602 242 1792 301 hono·
1886 250 1951 305 N.
1976 248 2023 307 1.

176 326 264 383 ris
299 320 558 399 gloriam
597 320 972 395 augendam,
1019 317 1385 397 populorum
1426 320 1794 381 necessitati·-

175 400 295 463 hus
331 397 814 476 providendum,
859 408 922 456 et
953 395 1283 457 Catholicae
1322 398 1488 457 Fidei
1524 402 1793 473 Maiesta-

175 486 320 537 tem·
375 478 820 551 veritatemque
875 474 1358 535 constantissime
1398 478 1459 535 in
1520 475 1796 533 omnium

175 554 398 615 animis
429 552 943 627 confirmandam,
973 551 1376 612 distribuerit.

891 633 901 657 Ι

183 743 188 753 ·
252 704 311 785 §-
366 723 417 763 1.
458 710 628 764 Inter
659 714 755 764 tot
795 714 1000 785 autem
1037 706 1379 781 praecipua,
1434 723 1581 779 quae·
1616 704 1791 763 Anti·
1899 736 1933 787 S
1962 734 2041 787 cri
2137 722 2140 725 ·

177 782 427 843 stitibus
486 782 795 841 interdum
835 781 1100 841 conferri
1135 782 1451 857 solebant,
1498 782 1788 858 insignia,
1814 800 1965 853 Pallii
2005 806 2089 851 de.
2132 822 2137 827 -

171 858 786 935 duolnumeranturl,
847 868 910 918 et
962 860 1235 934 gestandi
1276 858 1477 927 Pallii..
1522 871 1583 921 et
1635 880 1786 935 prae·
1816 870 1985 935 tatio,
2036 875 2090 920 et

173 934 482 997 seferendi
535 936 930 995 Sanctissimae
973 939 1185 996 Crucis
1240 938 1402 1013 Signi
1442 936 1790 999 bonor.·Et
1810 936 1995 1013 Crucis
2052 986 2057 991 .

172 1012 433 1073 Pallium
485 1012 729 1091 quidem
757 1056 774 1085 ,
833 1012 998 1089 quod
1057 1034 1127 1071 ex
1165 1018 1329 1076 Lena
1386 1026 1735 1075 contextum
1770 1062 1785 1090 ,
1810 1006 2031 1080 ‘'levit‘’
2062 1035 2081 1063 ⁹

173 1092 327 1153 Ovis
363 1088 558 1160 illius,
602 1109 786 1166 quam
831 1091 1124 1151 Dominus
1157 1090 1549 1152 aberrantem
1576 1095 1785 1169 quaesi-
1810 1072 1935 1139 ΨΜ
1986 1087 2084 1119 ¹¹⁰·

171 1168 264 1229 vit
281 1214 297 1237 ,
331 1169 764 1243 inventamque
780 1165 1048 1225 humeris
1072 1170 1194 1225 suis
1213 1167 1504 1227 substulit
1521 1216 1537 1243 ,
1567 1169 1789 1246 pellem
1813 1144 2037 1206 ‘'⁰¹²⁰''

173 1244 475 1321 significat
497 1288 514 1316 ,
553 1254 637 1302 ut1
659 1243 986 1319 Episcopus
1005 1288 1022 1316 ‚
1051 1244 1155 1320 qui
1191 1244 1420 1305 Christi
1452 1248 1665 1323 typum
1690 1268 1787 1324 ge·

171 1323 256 1381 rit
281 1365 299 1394 ,
341 1322 526 1397 ipsius
562 1325 816 1381 munere
850 1320 1140 1395 fungatur
1161 1365 1176 1393 ,
1215 1330 1403 1398 atque
1436 1326 1618 1384 etiam
1658 1328 1788 1401 ipso

171 1396 391 1465 habitu
441 1396 594 1456 illud
641 1395 928 1455 omnibus
981 1396 1268 1456 ostendat
1293 1442 1309 1467 ‚
1370 1418 1433 1457 se
1478 1400 1659 1472 boni,
1719 1422 1790 1461 ac

171 1476 375 1551 Magni
422 1471 608 1533 illius*
621 1474 881 1533 Pastoris
914 1474 1283 1533 imitatorem
1312 1494 1474 1546 esse,
1521 1480 1625 1553 qui
1656 1498 1788 1551 gre-

165 1553 258 1627 gis
302 1550 690 1611 infirmitates
739 1548 1018 1609 ferendas
1083 1548 1204 1609 sibi
1264 1556 1615 1628 proposuit,
1674 1556 1792 1613 nisi

165 1628 547 1704 exigentibus
603 1646 923 1687 causarum
984 1628 1253 1700 meritiS,
1306 1634 1477 1705 iuxta
1532 1632 1792 1705 priscam

169 1706 672 1765 consuetudinem
701 1749 716 1775 ,
761 1714 824 1763 et
861 1704 1102 1763 fortiter
1137 1704 1619 1780 postulantibus,
1662 1729 1789 1767 non

167 1782 460 1843 dabatur.
499 1783 713 1841 Crucis
765 1780 910 1841 verb
947 1780 1337 1857 praeferendae
1382 1802 1545 1853 mm,
1589 1805 1623 1844 a
1670 1790 1788 1845 Ro-

166 1860 364 1937 manis
388 1857 782 1918 Pontificibus
812 1858 1349 1921 Praedecessoribus
1374 1858 1625 1933 nostris,
1653 1864 1805 1938 qui·'

169 1934 288 1997 bus
345 1951 698 2013 supremam
751 1953 933 2011 super
975 1954 1184 1995 omnes
1234 1935 1792 1999 Ecclesiasticorum

169 2016 462 2076 Virorum
502 2013 744 2076 ordines
789 2013 1279 2073 Jurisdictionem
1323 2035 1392 2078 ac
1421 2026 1791 2091 'potestatem

161 2090 540 2155 habentibus
567 2094 734 2149 Crux
759 2088 1233 2167 praeferebatur,
1272 2092 1540 2167 primum
1574 2092 1653 2151 ad
1686 2112 1787 2151 eo·

169 2168 453 2239 rumdem
479 2170 759 2244 LegatOS,
795 2166 1014 2234 deinde
1046 2166 1122 2226 ad
1156 2166 1305 2226 alios
1341 2170 1657 2229 Antistites
1682 2170 1785 2228 de·

167 2246 390 2306 ductus
431 2255 522 2304 est
545 2288 562 2319 ‚
609 2254 679 2303 ut
712 2245 1176 2303 *considerantes
1213 2242 1573 2320 diligenter,
1622 2246 1786 2323 quod

169 2325 236 2383 in
289 2326 492 2383 Cruce
552 2322 794 2380 Dom‘in'i
859 2323 1267 2381 nostri-JESU
1322 2326 1631 2381 CHRISTI
1686 2343 1787 2383 eos

167 2409 452 2477 oporteat
492 2396 782 2474 gloriari,
821 2400 1032 2457 Crucis
1067 2398 1601 2458 mortificationem
1632 2402 1785 2477 jugi-

159 2478 270 2537 ³ter
320 2478 383 2537 in
423 2478 546 2536 suis
586 2473 944 2550 corporibus
988 2473 1253 2535 debeant
1286 2495 1401 2553 pro
1430 2476 1622 2538 divini
1667 2482 1785 2539 No·
1892 2536 1899 2548 ,

167 2555 355 2616 minis
388 2572 598 2629 amore
634 2563 904 2629 portare.
1668 2560 1680 2575 ·

285 2750 302 2767 .
327 2725 402 2765 ‘2-
445 2711 586 2769 Hoe‘e
617 2718 756 2767 secu
845 2704 1118 2767 recolens
1141 2704 1523 2768 Venerabilis
1556 2702 1786 2767 lFrater
1844 2746 1885 2797 Ε
1926 2747 1938 2760 ·
2066 2750 2077 2758 -

169 2787 226 2848 A
275 2804 447 2845 amus
498 2728 830 2844 Stanislaffl
875 2784 1268 2843 Warmiensis
1308 2794 1371 2843 et
1426 2784 1787 2857 Sambiensis
1809 2764 2082 2867 &5¹:35¹

172 2865 537 2941 Episcopus,
575 2877 644 2920 ac
678 2872 1007 2935 reputans,.
1035 2880 1160 2919 non
1201 2860 1333 2919 leve
1386 2857 1627 2937 populis
1666 2880 1787 2921 suae
1811 2876 2077 2935 fumum..

171 2937 462 3015 pastorali
495 2958 654 2997 curae
695 2938 1054 3007 commissis,
1099 2937 1205 3013 qui
1248 2935 1517 3015 undique
1553 2936 1633 2995 ab
1666 2937 1785 2999 hae-

171 3018 374 3077 reticis
397 3014 887 3087 circumdantur,
920 3014 1196 3074 futurum
1213 3015 1677 3073 incitamentum
1695 3062 1711 3089 ‚
1738 3018 1789 3077 si

173 3096 372 3171 ipsum
423 3091 812 3153 modernum*
841 3102 902 3150 et
943 3110 1056 3167 pro
1101 3102 1384 3167 tempore
1432 3094 1791 3154 existentem

172 3172 460 3231 Warmiae
493 3182 564 3233 et
589 3168 844 3229 Sambiae
885 3170 1241 3245 Episcopum
1266 3214 1283 3243 ,
1326 3178 1433 3227 aut
1462 3172 1525 3228 in
1558 3168 1787 3230 Solem·-

173 3248 474 3309 nitatibus
499 3292 515 3320 ,
548 3252 720 3323 iuxta
761 3245 1084 3305 canonicas
1123 3248 1604 3323 praescriptiones
1647 3266 1790 3307 eum

171 3324 366 3385 Pallio
401 3322 842 3392 celebrantem,
877 3333 985 3383 aut
1025 3342 1164 3381 cum
1205 3324 1597 3382 Sanctissimae
1634 3328 1786 3383 Cru-

177 3404 262 3464 cis
317 3402 498 3479 Siguo
566 3412 709 3462 ante
761 3400 1022 3462 eundem
1073 3397 1279 3487 delato
1328 3402 1479 3537 iffi-5
1510 3411 1789 3477 agentem
