2442 3992
689 133 770 223 96
1189 137 1578 204 Bl-:Namc‘rt
1621 131 1797 204 XIV.

423 251 630 303 Pon-r.
687 243 800 302 ties
841 262 964 303 non
1017 243 1259 305 obstent
1296 241 1629 322 peculiares
1672 243 2063 324 Regularium
2124 245 2297 308 ovd?-

365 346 396 362 ··
420 323 489 370 A·
509 319 629 372 ΧΠ.
689 341 836 379 num
857 367 873 392 ‚
909 324 1034 381 sive
1055 325 1485 384 Institutorum
1523 325 2043 397 Constitutiones;
2072 322 2148 383 de
2174 329 2299 402 quis-

683 397 800 456 bus
835 401 958 475 agit
989 403 1308 475 Fagnanus
1337 402 1401 456 in
1432 401 1578 477 Cap.
1612 401 1761 468 Cum
1792 403 2002 458 Virum
2028 444 2045 469 ‚
2078 399 2153 456 de
2182 404 2296 458 Re-

676 475 983 564 gulan'bus
1010 520 1026 549 ‚
1067 488 1176 537 aut
1213 478 1582 550 recentiores
1623 478 1951 538 Pontificiae
1992 480 2293 546 Constitu·

685 562 881 610 tiones
912 597 928 622 ‚
979 571 1113 628 quae
1163 567 1391 614 certam
1445 565 1687 614 aetatem
1738 556 2135 631 praestituunt
2192 574 2298 630 pro

685 626 837 700 illis,
881 631 1102 706 quibus
1141 632 1306 690 intra
1346 633 1696 692 Monasterii
1733 641 1903 708 septa
1936 641 2297 706 pernoctant·-

685 705 830 764 dum
873 711 950 766 sit
997 728 1014 766 ε
1048 708 1216 784 >quod
1260 719 1491 784 spectat
1520 707 1597 766 ad
1640 713 1745 768 Jus
1784 709 2165 769 Canonicum
2195 713 2296 764 De·

683 782 1000 842 cretalium
1021 829 1038 854 ‚
1077 805 1459 863 nequaquam
1492 786 1678 844 vetita
1711 796 1801 846 est
1838 782 2043 859 (salva
2070 799 2299 860 semper

674 860 946 920 -Concilii
1003 862 1347 920 Tridentini
1411 859 1798 922 observantia
1851 870 2157 938 quantum
2228 861 2298 920 ad

683 948 958 1010 aetatem„-
1001 959 1072 997 ac
1111 949 1350 1014 tempus
1386 940 1696 1012 Tyrocinii
1720 985 1735 1011 ‚
1766 949 1829 998 et
1870 936 2297 1012 professionis)

683 1033 753 1073 ea
786 1013 1045 1087 oblatio,
1079 1029 1200 1091 qua
1244 1014 1359 1074 filii
1397 1015 1742 1092 impuberes
1784 1016 2131 1075 Monasticoe
2164 1015 2298 1072 vitae

680 1090 1051 1151 offeruntur.
1119 1097 1199 1151 Ex
1280 1092 1629 1169 hujusmodi
1694 1104 1897 1152 autem
1988 1090 2295 1150 oblatione

683 1179 808 1226 tres
877 1167 1124 1228 effectus
1195 1170 1459 1228 existunt
1506 1190 1523 1243 3
1577 1170 1777 1245 primo
1819 1214 1835 1241 ‚
1904 1168 2070 1244 quod
2148 1165 2296 1224 filius

684 1245 961 1322 impubes
994 1267 1028 1305 a
1057 1244 1369 1321 Religione
1396 1246 1583 1320 recipi
1609 1255 1807 1321 potest
1836 1267 1853 1321 ς
1886 1245 2113 1304 deinde
2140 1243 2295 1320 quod

681 1325 922 1395 parenti
965 1325 1165 1398 patria
1219 1325 1314 1382 uti
1362 1332 1664 1399 potestate
1691 1368 1708 1394 ‚
1765 1332 1836 1380 ut
1886 1322 2175 1381 eumdem
2226 1320 2295 1378 ad

682 1397 1029 1460 saecularem
1086 1409 1316 1458 statum
1367 1409 1643 1468 revocet,
1688 1396 1949 1475 amplius
1992 1400 2297 1472 integrum

683 1493 807 1534 non
859 1487 988 1550 est3
1039 1475 1303 1558 denique
1340 1476 1505 1553 quod
1550 1473 1951 1536 etiamsi.filio
1992 1474 2292 1550 impuberi

682 1563 824 1612 ante
869 1552 1214 1629 pubertatis
1266 1574 1459 1612 annos
1513 1552 1811 1628 Religiosa
1863 1551 2151 1612 Claustra
2195 1550 2289 1608 de·

679 1647 878 1688 serere
913 1631 1160 1696 mini-me
1234 1629 1551 1690 ermissum
1582 1640 1705 1699 est,
1740 1627 1905 1705 quod
1941 1630 2053 1705 ipsi
2095 1639 2289 1687 tamen

679 1707 878 1766 facere
920 1705 1098 1775 licet..
1150 1729 1188 1766 u
1241 1709 1260 1766 i
1292 1728 1424 1767 eam
1463 1708 1735 1782 attigerit
1773 1716 2045 1778 aetatem,
2083 1707 2149 1764 in
2180 1723 2289 1780 qua

677 1794 1040 1858 potestatem
1075 1782 1259 1842 habet
1278 1825 1295 1855 ‚
1328 1795 1399 1844 ut
1414 1783 1501 1848 de·
1520 1787 1716 1861 seipso
1746 1779 2067 1858 disponat,
2100 1791 2289 1858 potest

673 1858 1078 1920 nihilominus
1105 1860 1341 1936 Religio
1370 1863 1622 1938 proprio
1658 1867 1795 1938 jure
1840 1861 1968 1929 uti,
2008 1869 2087 1918 ut·
2112 1859 2287 1920 etiam

642 1941 823 1996 'ante
860 1938 1203 2016 pubertatis
1240 1957 1433 1998 annos
1466 1937 1749 1998 eumdem
1786 1935 2095 2006 dimittat,
2123 1935 2286 1996 dum·
2383 1955 2386 2010 3

677 2013 863 2074 modo
904 2017 962 2074 in
1009 2015 1081 2074 eo
1125 2015 1472 2095 recipiendo
1526 2035 1599 2075 en·
1636 2035 1699 2074 se
1750 2012 2285 2090 obligatione-non

681 2089 1076 2152 obstrinxerit
1120 2136 1137 2164 ‚
1217 2102 1291 2152 ut
1357 2105 1548 2170 u‘sque
1603 2091 1676 2150 ad
1750 2089 1984 2150 dictum
2058 2101 2285 2167 tempus

666 2169 962 2228 'eumdem
982 2169 1313 2240 retineret,
1352 2165 1869 2244 quemadmodum
1903 2166 2081 2227 valde
2112 2185 2282 2244 appo·

413 2277 554 2333 mem
574 2280 656 2345 5¹¹⁸
677 2244 790 2302 εἰῒὲ
813 2245 1116 2304 Suarezde
1143 2247 1345 2322 Relig.
1370 2257 1513 2305 tom.
1534 2245 1592 2303 3.
1616 2243 1996 2320 lib.5.cap.1.
2024 2243 2280 2301 numa&

377 2349 485 2400 fere
517 2347 648 2399 obst,
679 2319 972 2380 edisserit.
1014 2320 1240 2380 Eadem
1279 2321 1355 2380 de
1397 2321 1777 2398 sponsalibus
1821 2320 2114 2392 dicenda,
2206 2340 2282 2378 uae

381 2422 477 2466 net
544 2417 600 2464 in
677 2416 791 2474 pro
851 2395 990 2455 filiis
1041 2397 1459 2475 impuberibus
1506 2398 1596 2472 ,ab
1648 2417 1860 2456 eorum
1937 2398 2180 2474 parenti
2222 2417 2281 2454 us

373 2480 638 2548 sponsali·
679 2473 859 2532 fiunt.
913 2475 1259 2533 Secundum
1312 2485 1595 2536 veterum
1633 2478 1971 2536 'canonum
2026 2475 2278 2550 praescri-

381 2551 477 2599 hus
560 2550 656 2598 im·
676 2561 848 2626 ptum
868 2595 885 2624 ‚
931 2548 1069 2622 filii,
1105 2554 1291 2612 etiam
1334 2562 1659 2630 postquam
1700 2552 1785 2611 ad·
1812 2551 2108 2628 puberem
2154 2560 2277 2609 aeta-

347 2647 352 2651 ·
378 2616 647 2682 puberum.
676 2638 800 2686 tem
819 2638 1233 2702 pervenerant
1252 2672 1268 2699 ‚
1294 2647 1363 2688 ea
1388 2646 1632 2690 servare
1656 2629 2031 2690 tenebantur
2051 2671 2066 2699 ,
2084 2647 2273 2705 quem·
2370 2665 2372 2670 -

349 2714 356 2721 ’
675 2703 1005 2763 admodum
1053 2703 1357 2780 colligitur
1399 2726 1469 2766 ex
1511 2704 1847 2775 Decretali‚
1898 2725 2032 2782 quae
2082 2704 2277 2764 Ponti-

678 2782 776 2840 fici
815 2781 1148 2842 Hormisdae
1187 2781 1584 2857 attribuitur,
1629 2794 1691 2842 et
1726 2801 1861 2859 quae
1891 2783 1957 2837 in
1990 2799 2125 2858 cap.
2166 2783 2275 2838 Dea

675 2859 1037 2915 Fratemitas
1067 2857 1174 2916 sub
1207 2860 1298 2915 tit.
1334 2859 1409 2916 de
1434 2861 1902 2936 :Desponsatione
1932 2857 2273 2934 impuberum
2366 2865 2368 2876 ¹

676 2935 941 2994 refertur
981 2957 997 2994 ε
1030 2938 1241 2993 Potest
1275 2947 1475 2993 autem
1490 2936 1699 3012 filium
1730 2934 1996 2991 nondum
2021 2935 2272 2992 adultum
2364 2943 2366 2946 ⁴

579 3007 584 3030 ¹
677 3011 996 3090 (voluntas
1041 3017 1208 3087 eujus
1240 3012 1492 3070 disc-emi
1532 3033 1650 3069 non
1670 3011 1909 3089 potest)
1940 3023 2147 3088 pater,
2190 3013 2273 3066 eui

673 3088 807 3145 vult
827 3127 846 3154 ,
872 3091 1235 3146 matrimonio
1260 3089 1483 3146 tradere
1498 3110 1525 3160 ;
1556 3101 1616 3146 et
1631 3101 1953 3168 postquam
1966 3087 2141 3162 filius
2154 3107 2269 3163 per-

673 3167 890 3223 venerit
937 3165 1021 3222 ad
1035 3165 1369 3243 perfectam
1412 3177 1646 3223 cetatem
1664 3212 1681 3237 .‚
1714 3167 1951 3222 omnino
1980 3164 2147 3222 debet
2177 3164 2272 3220 hoc

673 3241 1014 3316 adimplere.
1066 3243 1288 3303 Verum
1331 3242 1603 3303 Pontifex
1640 3242 1985 3303 Bonifacius
2024 3246 2181 3303 VIII.
2217 3243 2273 3298 in

677 3335 786 3376 sua
816 3317 1144 3393 Decretali,
1187 3325 1361 3398 cuius
1386 3321 1633 3380 initium
1678 3341 1696 3379 ε
1736 3317 2008 3398 Infantes
2028 3364 2045 3392 ‚
2074 3330 2133 3381 et
2156 3339 2272 3395 quae

643 3436 654 3444 -
679 3399 742 3466 jn
772 3395 952 3456 titulo
969 3395 1040 3452 de
1061 3395 1532 3474 Desponsaqione
1552 3395 1936 3473 impuberum,
1954 3397 1993 3454 l.
2023 3393 2085 3456 6.
2114 3416 2277 3530 umcla

817 3497 822 3504 ·
1568 3508 1571 3509 ν
2254 3494 2281 3531 e
