2442 3992
650 160 773 225 244
1161 157 1544 225 Bennmcrt
1586 152 1765 221 XIV.

351 281 396 337 P
414 296 452 336 o
474 295 514 334 u
533 292 590 335 τ.
635 250 1077 345 [suspensionis-3
1116 274 1184 325 et
1209 263 1518 325 interdicti
1538 308 1556 336 ,
1596 261 1849 353 aliisque
1888 260 2258 333 Ecclesiasti-

353 349 424 404 A.
453 346 587 405 XII.
642 346 732 405 cis
763 343 1078 405 sententiis
1103 387 1120 415 ‚
1163 342 1435 403 censuris
1457 385 1474 413 ‚
1517 350 1581 399 et
1612 357 1805 417 poems
1835 380 1851 409 ,
1904 360 1941 401 a
1980 345 2121 417 iure
2163 339 2261 404 vel

634 419 725 487 :ab
780 420 1027 481 homine
1076 418 1290 495 quavis
1334 418 1659 477 occasione
1694 414 1792 479 vel
1834 436 2016 489 causa
2065 416 2215 479 latis
2240 458 2259 491 ‚

640 518 754 559 seu
781 496 1057 568 inflictis,
1095 505 1159 555 et
1192 515 1302 571 per
1326 514 1429 555 eos
1458 495 1749 565 incursis,
1784 503 1847 552 et
1870 492 2101 571 quibus
2134 512 2259 557 eos*

645 574 786 634 dem
809 576 994 635 etiam
1019 573 1381 633 auctoritate
1407 570 1743 647 Apostolica
1768 568 2090 649 illaqueari
2106 590 2260 641 ⁸conr

645 653 856 727 tigerit
875 696 893 724 ,
936 651 1169 711 etiamsi
1213 646 1527 722 absolutio
1554 648 1741 709 Nobis
1776 658 1838 707 et
1892 648 2263 715 Successori.

645 728 762 789 bus
811 728 1034 789 nostris
1071 725 1361 786 Romanis
1400 724 1789 787 Pontificibus
1824 743 1937 799 pro
1982 733 2269 802 tempore

645 797 1074 885 existentibus,
1125 800 1463 880 specialiter
1509 800 1609 867 vel
1655 800 2021 878 generaliter
2068 822 2269 863 reser-

646 892 790 943 vata
809 884 1024 947 existat
1038 927 1055 955 ,
1073 891 1134 947 et
1152 901 1195 941 >aa
1219 878 1701 958 quibuscumque
1724 897 1937 942 eorum
1962 880 2268 953 peccatis,

647 958 1040 1029 criminibus,
1079 977 1148 1018 ac
1190 954 1424 1021 delictis
1465 965 2027 1031 quantumcumque
2058 958 2269 1031 gravi-

645 1036 767 1102 bus,
812 1046 876 1095 et
925 1033 1312 1099 enormibus,
1364 1044 1424 1093 et
1476 1032 1723 1109 quidem
1774 1053 1809 1091 a
1846 1034 2161 1099 contentis
2204 1032 2275 1095 iu‘

613 1112 865 1175 litteris
903 1110 1002 1172 die
1045 1114 1248 1171 Coenae
1287 1110 1531 1173 Domini
1572 1107 1869 1188 publicari
1916 1109 2231 1171 consuetis
2250 1150 2271 1181 ‚

505 1188 518 1201 ’
581 1226 588 1231 -
643 1186 832 1248 semel
877 1188 1117 1251 tantum
1153 1188 1218 1249 in
1250 1188 1413 1259 vita,
1452 1206 1561 1250 nec
1600 1207 1730 1248 non,
1760 1188 1831 1245 in·
1863 1187 2081 1245 mortis
2110 1187 2267 1255 arti·

631 1264 823 1340 -culo3
853 1265 916 1323 in
957 1263 1208 1341 reliquis
1246 1263 1394 1326 verb
1424 1264 1607 1325 Nobis
1642 1273 1710 1323 'et
1740 1258 1876 1325 Sedi
1900 1262 2267 1345 Apostolicae

629 1341 1216 1419 quomodocumque
1256 1342 1577 1405 reservatis
1609 1337 1792 1403 semel
1845 1340 1907 1398 in
1946 1359 2154 1410 anno,
2202 1342 2299 1404 in*

629 1418 780 1478 -foro
816 1420 1194 1480 conscientiae
1236 1418 1511 1487 tantum,
1552 1418 1775 1479 etfsine
1810 1414 2071 1492 alicuius
2109 1436 2263 1493 prae·

645 1494 871 1571 iudicio
892 1538 908 1565 ‚
947 1498 1310 1557 auctoritate
1340 1493 1685 1570 Apostoliea
1721 1512 1832 1569 per
1870 1490 1981 1558 has
2023 1490 2266 1555 litteras

637 1574 941 1649 perpetue>
979 1571 1216 1633 tributa
1238 1616 1255 1644 ‚
1293 1568 1494 1651 valeat
1524 1568 1857 1633 absolvere.

423 1672 589 1721 Usum
719 1646 776 1726 §-
818 1646 915 1709 38.
956 1655 1040 1711 Ut
1077 1660 1283 1713 autem
1329 1646 1599 1724 eiusdem
1640 1648 1968 1713 Vaticanae,
1998 1644 2265 1711 Basilica

349 1738 534 1805 Cuppae
627 1726 1000 1802 Capitulum
1046 1738 1108 1785 et
1157 1724 1417 1796 Clerus,
1456 1726 1639 1786 etiam
1688 1725 1753 1788 in
1805 1721 1899 1781 his
1925 1767 1943 1794 ,
1988 1742 2129 1799 quae
2180 1722 2263 1783 ad

348 1804 587 1857 concedit
623 1803 914 1877 ipsorum
955 1803 1140 1863 decus
1185 1814 1249 1863 et
1300 1810 1661 1861 ornamenta
1716 1801 2030 1876 pertinent
2066 1844 2085 1872 ,
2152 1819 2263 1865 no-

347 1870 422 1923 Ca
462 1872 594 1952 “¹²¹9
644 1890 833 1939 stram
859 1880 973 1943 sibi
1007 1878 1435 1940 liberalitatem
1472 1880 1740 1939 sentiant
1776 1876 2039 1941 adfuisse
2060 1916 2079 1945 ,
2114 1894 2257 1939 con·

346 1946 402 1990 εἴ
455 1940 628 2018 ¹⁰⁸9¹¹³.
645 1955 916 2025 cedimus
949 1967 1010 2018 et
1045 1954 1457 2031 indulgemus,
1485 1966 1556 2015 ut
1584 1958 1647 2015 in
1682 1953 1996 2031 posterum
2032 1954 2099 2011 in
2128 1973 2261 2017 om·

311 2006 590 2125 ,ξῗ-Ιῖῗὲε
646 2032 824 2093 nibus
881 2031 1303 2095 Ecclesiasticis
1360 2030 1779 2096 functionibus
1804 2076 1823 2103 ‚
1881 2048 2033 2108 quas
2093 2030 2261 2090 intra

347 2092 412 2189 ,η’
437 2091 622 2191 ’ἓὶξοζδ
645 2109 932 2173 Ecclesias
983 2110 1253 2188 eiusdem
1302 2106 1563 2169 Basilicae
1625 2105 1838 2167 filiales
1904 2104 2261 2180 celebrari,
2329 2173 2337 2185 ἱ

353 2224 454 2259 02„
645 2197 828 2263 atque
871 2189 1054 2249 etiam
1087 2188 1154 2247 in
1195 2185 1674 2247 processionibus
1694 2228 1711 2258 ,
1750 2203 1901 2259 quas
1944 2183 2112 2247 circa
2144 2183 2259 2247 hus

641 2264 906 2339 jusmodi
937 2262 1341 2323 Ecclesiarum
1376 2262 1674 2327 ambitum
1718 2260 1850 2319 fieri
1888 2261 2257 2335 contigerit,

643 2352 934 2401 consueto
967 2346 1134 2417 iuxta
1168 2351 1513 2415 temporum
1544 2340 1705 2401 vices
1742 2334 1959 2397 habitu
2002 2334 2258 2397 Chorali

643 2417 736 2474 uti
777 2419 1008 2491 possint
1049 2428 1111 2476 et
1162 2415 1442 2489 valeant,
1492 2417 1578 2475 ita
1623 2425 1695 2475 ut
1732 2415 1941 2476 aestivo
1975 2423 2258 2489 tempore

615 2488 936 2551 .Canonici
981 2492 1228 2567 quidem
1268 2492 1613 2553 Rocchettis
1655 2501 1717 2552 et
1746 2487 2209 2566 superpelliceis
2236 2534 2257 2563 ‚

623 2565 864 2644 reliqui
916 2568 1062 2630 verb
1113 2567 1569 2644 SuperpelliceIs
1618 2568 1933 2633 dumtaxat
1996 2569 2258 2642 amicti3

620 2644 892 2704 -hiemali
919 2655 1124 2705 autem
1158 2659 1433 2721 tempore
1452 2691 1468 2716 ,
1510 2645 1812 2709 consuetis
1844 2649 2015 2719 iuxta
2042 2654 2259 2704 eorum

643 2721 906 2783 Ordines
965 2722 1186 2799 Cappis
1243 2723 1573 2797 respective
1638 2720 1840 2781 induti
1873 2764 1890 2791 ,
1947 2718 2257 2795 praedictis

641 2797 1088 2861 Functionibus
1110 2798 1673 2859 etaProcessionibus
1702 2798 1978 2865 assistere
2006 2796 2256 2861 valeant

347 2898 468 2948 Ana
501 2914 618 2948 con·
641 2888 704 2935 et
735 2879 1040 2937 interesse·
1069 2881 1271 2953 thue
1306 2875 1733 2953 praedictarum
1765 2875 2069 2945 vestium,
2107 2874 2253 2935 alio·

346 2972 492 3015 sueta
529 2966 622 3015 ho·
643 2973 903 3031 rumque
943 2964 1371 3013 consuetorum
1399 2954 1649 3022 setiam
1697 2951 1979 3024 honoris,
2034 2963 2099 3011 et
2151 2956 2253 3011 Pa-

345 3033 488 3108 noris
540 3032 616 3082 in·
645 3027 984 3089 triarchalis
1005 3028 1271 3113 ejusdem
1288 3028 1549 3089 Basilicae
1574 3030 1885 3105 dignitatis
1915 3029 2257 3105 Insignium

341 3116 504 3176 818913
542 3116 617 3150 ⁸⁵·
639 3104 866 3167 delatio
899 3117 960 3165 et
991 3113 1168 3180 usus,
1201 3128 1274 3166 ex
1302 3118 1478 3183 parte
1514 3104 1775 3170 aliorum
1814 3124 2251 3181 quorumcum-

343 3176 486 3220 Wst·
641 3202 760 3259 que
785 3229 802 3257 ,
837 3186 1020 3243 etiam
1053 3182 1371 3261 specialem
1401 3185 1767 3246 mentionem
1808 3194 1871 3244 et
1912 3184 2255 3260 expressio·

599 3278 782 3319 ·nem
835 3262 1311 3336 requirentium,
1362 3260 1584 3319 eisdem
1633 3258 1916 3335 Capitulo
1962 3271 2025 3319 et
2072 3257 2252 3321 Clero

602 3334 809 3395 -nullo
837 3356 1110 3411 unquam
1150 3340 1458 3412 ternpore,
1490 3334 1781 3417 nulloque
1820 3346 2121 3413 praetextu
2160 3338 2249 3393 in-

641 3412 836 3487 hiberi
855 3460 872 3493 ,
896 3418 1016 3477 'seu
1045 3410 1391 3501 impugnari
1422 3417 1655 3499 possint
1679 3425 1786 3479 aut
1822 3412 2071 3496 valeant
2090 3458 2108 3491 ,
2140 3413 2249 3487 eis-
