2442 3992
421 266 491 323 N.
521 267 627 327 1v.

684 148 808 215 360
995 103 1010 109 ³
1219 149 1670 213 APPENDIX.

683 277 824 317 cum
853 253 1138 319 Urbanus
1165 258 1433 317 vnlxin
1464 257 1576 316 hae
1605 251 1951 333 Ap'ostolica
1986 250 2299 316 cathedra

681 333 952 405 ’κάει-οι,
994 350 1210 409 magno
1248 332 1449 393 studio
1505 334 1881 411 propositum
1918 332 2077 404 fuit,
2120 333 2187 390 in
2228 352 2297 391 ea

681 422 858 489 parte
901 410 1177 469 Dioecesis
1210 408 1647 487 Aquileiensis,
1686 428 1817 486 quai
1852 410 2205 467 Germaniae
2230 408 2297 466 fi·
2365 450 2375 457 κ

683 488 899 547 nitima
921 495 1010 545 est
1027 531 1045 559 ,
1077 487 1434 563 Episcopum
1456 488 1815 545 Patriarchae
1840 484 2297 562 suffraganeum

680 562 998 635 collocare,
1019 562 1120 623 sed
1141 572 1269 635 tot,
1304 583 1375 622 ac
1411 572 1585 621 tauta
1613 562 2051 637 impedimenta·
2086 580 2295 620 occur-

683 640 926 711 rebant,
944 649 1012 697 ut
1027 637 1104 698 ab
1122 659 1194 698 eo
1226 637 1477 697 consilio
1506 660 1627 698 non
1648 640 1775 698 sine
1790 640 1959 714 gravi
1990 638 2299 698 Pontificis

683 716 958 779 molestia
978 714 1160 775 fuerit
1183 714 1615 774 desistendum.
1636 714 2046 789 Quamobrem
2070 718 2201 774 Deo
2218 717 2297 773 Ο.

685 788 771 855 hl.
800 797 1106 869 negotium
1137 793 1433 869 imprimis
1465 790 1957 851 commendantes
1978 801 2089 865 ,et
2117 791 2301 851 rebus

683 870 969 931 omnibus
1007 868 1287 929 accurate
1329 869 1681 927 examinatis
1706 902 1740 939 ‚·
1765 868 2151 928 decrevimus
2192 870 2297 929 Vi·

683 948 918 1006 carium
979 942 1393 1021 Apostolicum
1453 946 1823 1003 constituere
1873 946 1935 1003 in
1973 964 2055 1002 ea
2120 952 2299 1020 parte

682 1024 967 1083 Dioecesis
996 1019 1399 1098 Aquileiensis
1420 1065 1437 1092 ‚
1472 1040 1655 1099 quam
1692 1024 1812 1097 jam
1864 1022 2044 1079 toties
2102 1021 2297 1079 nomi·

649 1100 1002 1175 -uavimus3
1039 1097 1204 1176 quod
1242 1108 1305 1157 et
1343 1096 1955 1166 sacrisCanonibus,
1996 1106 2059 1154 et
2100 1096 2297 1155 veteri

681 1177 1035 1253 recentique
1074 1170 1348 1233 Ecclesiae
1387 1174 1542 1233 Disci
1588 1171 1726 1232 linae
1770 1172 2301 1233 accommodatum

681 1250 949 1311 videtur.
979 1250 1090 1311 Sed
1131 1270 1206 1309 ne
1236 1247 1495 1327 Populus
1527 1252 1546 1307 i
1574 1249 1628 1309 le
1653 1262 1856 1309 careat
1882 1248 2297 1310 Ecclesiastico

682 1330 1006 1404 regimine,
1035 1337 1097 1387 et
1131 1346 1208 1386 ne
1245 1328 1404 1391 Oves
1430 1325 1543 1386 illae
1568 1332 1811 1386 Pastore
1848 1325 2295 1400 destituantur,

683 1408 791 1481 qui
834 1403 1319 1480 periclitantibus
1358 1422 1535 1478 opem
1574 1404 1768 1475 ferat,
1803 1401 2087 1461 eumdem
2120 1402 2294 1461 Vica-

683 1484 844 1540 rium
887 1479 1301 1557 Apostolicum
1337 1478 1542 1539 Titulo
1585 1480 1859 1556 Episcopi
1900 1480 1963 1537 in
2012 1476 2297 1555 partibus

681 1554 1141 1630 demi-abimus,
1182 1567 1254 1616 ut
1296 1556 1498 1637 quoad
1557 1556 1851 1617 Ordinem
1875 1600 1893 1628 ,
1928 1563 1990 1613 et
2038 1553 2293 1613 Jurisdi·

681 1636 993 1706 ctionem,
1043 1644 1349 1705 exerceat,
1410 1634 1657 1697 nomine
1708 1634 1953 1701 nostro,
2000 1651 2075 1691 ae
2126 1630 2296 1689 Sedis

681 1709 1041 1791 Apostolicae
1068 1712 1429 1771 auctoritate
1445 1754 1462 1782 ‚
1484 1710 1877 1787 quaecumque
1892 1728 1926 1766 a
1944 1705 2297 1767 patriarcha

682 1785 1092 1865 Aquileiensi,
1164 1799 1478 1865 tamquam
1540 1784 1697 1849 illius
1748 1782 1864 1843 loci
1918 1784 2294 1855 Ordinatio,

679 1864 1158 1953 perficerentur,
1185 1864 1299 1921 nisi
1325 1884 1358 1921 a
1391 1882 1512 1921 suae
1539 1860 2294 1938 Jurisdictionis1exercitio

681 1939 1104 2017 impediretur.
1147 1944 1363 2015 Quare
1388 1939 1439 1999 si
1497 1940 1701 2012 animo
1752 1936 1977 2011 libero,
2026 1945 2293 1997 attento·

679 2034 804 2153 zue
864 2035 959 2076 res
1009 2015 1457 2095 perpendatur,
1516 2014 1787 2075 dubitari
1837 2033 1910 2074 ne
1954 2015 2083 2085 uit,
2140 2014 2293 2089 quin

741 2093 961 2152 icarius
991 2091 1361 2169 apostolicus
1396 2091 1513 2150 hoc
1594 2102 1731 2151 acto
1773 2092 1914 2150 satis
1938 2100 2194 2150 acturus
2216 2090 2295 2148 sit

682 2165 806 2229 illis
843 2168 1164 2242 omnibus,
1197 2170 1261 2227 in
1302 2166 1511 2227 iisdem
1578 2170 1732 2238 ocis,
1782 2186 1915 2243 quae
1960 2186 2075 2243 per
2122 2168 2290 2226 Nun·

683 2246 840 2305 tium
880 2255 1154 2306 nostrum
1194 2246 1601 2307 Viennensem
1636 2242 2013 2320 agebantur3
2046 2242 2169 2302 hoc
2200 2252 2289 2301 ta·

681 2338 824 2382 men
851 2322 1209 2397 interposito
1240 2320 1619 2393 discrimine,
1639 2319 1801 2397 quod
1838 2320 2120 2381 Vicarius
2136 2321 2291 2395 Apo-

557 2446 566 2473 ,
682 2394 931 2467 stolicns
968 2417 1230 2475 praesens
1259 2400 1321 2457 in
1362 2395 1481 2456 illis
1517 2395 1663 2456 locis
1690 2394 2121 2455 demandatam
2148 2414 2293 2472 pro·

683 2474 945 2535 vinciam
971 2473 1184 2533 utilius
1218 2473 1571 2547 sustinebit,
1593 2474 1775 2550 quam
1798 2474 2061 2532 Nuntius
2085 2482 2295 2531 noster

681 2549 1072 2689 {iiiii-'emis'
1135 2550 1243 2632 qui
1283 2549 1502 2612 absens
1552 2549 1763 2613 eadem
1819 2547 1954 2609 loco
2013 2547 2295 2609 modera-

727 2646 813 2781 83.
840 2665 901 2777 4..
941 2704 1150 2780 Neque
1164 2700 1569 2763 omittendum
1600 2710 1721 2775 est,
1740 2700 1905 2761 Sedis
1933 2698 2298 2777 spostolicae

580 2814 586 2820 ·
684 2780 1032 2839 auctoritati
1071 2781 1131 2839 in
1169 2780 1287 2840 hoc
1312 2782 1555 2841 vicario
1589 2778 2017 2843 ,constituendo
2045 2798 2084 2836 a
2110 2776 2297 2837 Nobis

685 2855 1030 2916 consultum
1084 2875 1245 2930 esse,
1293 2876 1363 2914 ea
1413 2852 1676 2937 formula
1714 2852 2107 2933 superaddita
2144 2872 2169 2915 ι
2216 2850 2301 2909 ad

683 2942 944 2987 nostrum
960 2977 978 3002 ‚
1010 2942 1070 2987 ct
1105 2930 1273 2988 Sedis
1300 2930 1657 3007 Apostolicoe
1692 2929 2117 3006 beneplacitum
2130 2950 2157 2999 ;
2184 2931 2299 2989 Ne·

685 3026 806 3083 que
840 3005 1188 3067 facultatem
1232 3005 1466 3085 elargiti
1517 3026 1728 3068 sumus
1772 3024 2058 3083 supremo
2092 3005 2313 3064 Tei-ri:

685 3083 829 3140 torii
890 3085 1148 3144 Domino
1193 3082 1377 3160 hujus
1415 3084 1645 3146 Vicarii
1684 3080 2097 3153 nominandi,
2152 3100 2299 3139 cnm

685 3155 922 3218 nullum
956 3160 1308 3224 inveniatur
1330 3159 1667 3241 exemplum
1692 3206 1710 3232 ‚
1736 3180 1861 3239 quo
1894 3154 2153 3223 facultas
2182 3155 2293 3215 hu*

681 3232 944 3311 jusmodi
971 3236 1562 3314 permissa‘unquam
1608 3234 1790 3297 fuisse
1825 3233 2007 3298 alicui
2040 3232 2295 3293 demon-

685 3319 935 3370 stretur.
979 3310 1142 3372 Illud
1184 3324 1387 3374 tamen
1434 3312 1691 3391 polliciti
1743 3331 1985 3383 snmus,
2040 3308 2215 3387 quud
2261 3328 2297 3367 a

683 3388 1134 3454 §accessoribus
1170 3392 1389 3453 nostris
1430 3409 1676 3469 quoque
1718 3386 2139 3527 praestataczissm
2170 3404 2293 3446 non

1878 3486 1898 3511 ν
2084 3472 2301 3526 numm
