2442 3992
615 118 740 185 204
776 196 779 208 Ι
871 96 892 119 ²·
1135 113 1523 178 samam-1
1549 105 1742 194 juv,

479 206 508 227 l

349 242 556 293 pou-r.
611 226 811 283 omnia
852 235 910 281 et
955 221 1194 302 singula
1236 220 1361 279 alia
1386 264 1406 293 ‚
1436 238 1575 296 quoe
1628 217 1693 271 in
1728 212 1825 271 his
1861 224 1919 269 et
1951 213 2107 270 eirca
2146 230 2227 271 ea

349 313 416 363 A.
435 310 555 363 ΧΠ.
609 298 1034 381 quomodolibet
1076 296 1417 355 necessaria
1474 304 1530 349 et
1568 301 1906 368 ‘opportuna
1932 278 2223 367 fuerint,

609 376 954 437 consulendi
981 387 1055 435 ,et
1065 372 1346 453 faciendi
1359 394 1386 444 ,·
1434 370 1593 428 salvo
1630 378 1830 425 tamen
1868 367 1936 422 in
1976 364 2072 423 lzis
2100 410 2119 440 ,
2156 365 2226 421 in

611 454 821 532 quihus
844 463 1084 530 propter
1127 470 1319 508 rerum
1362 444 1827 524 magnitudinem
1872 454 1931 498 et
1960 441 2222 519 gmvita-

610 542 726 589 tem
758 530 890 588 lzoec
928 532 1150 587 Sancta
1187 524 1367 585 Sedes
1402 523 1601 579 merito
1634 520 1737 576 tibi
1761 518 2059 575 videretur
2085 536 2222 573 con·

608 606 860 679 sulendu
882 646 906 673 ,
947 616 1137 663 nostro
1173 613 1231 659 et
1258 620 1389 678 proe
1415 609 1535 656 atae
1564 596 1731 654 Sedis
1770 594 2126 671 beneplacito
2166 604 2228 649 et

607 684 1066 761 confirmatione.
1118 686 1309 741 Breve
1406 694 1476 735 oc
1512 674 1744 734 editum
1784 681 1874 731 est
1928 672 1993 726 in
2044 670 2225 727 citato

609 777 750 823 tom.
785 758 847 839 4.
877 780 1030 839 pag.
1068 776 1200 817 102.
1227 766 1285 813 et
1314 753 1441 813 103.
1482 762 1545 811 et
1579 753 1647 809 in
1684 746 2025 809 Annalibus
2056 750 2221 820 Ray-

610 840 780 903 naldi
827 838 914 895 ad
951 836 1206 895 Annum
1247 829 1461 891 Christi
1495 824 1659 901 1554.
1701 846 1765 883 n.
1800 826 1861 883 8.
1896 821 2224 883 Praedictus
2270 885 2280 891 ,

591 919 758 982 'verb
787 911 1127 977 Cardinalis
1147 955 1167 986 ‚
1198 930 1271 965 ne
1299 926 1466 965 novoe
1489 904 1625 981 inde
1656 900 1839 959 turboe
1862 899 2220 957 concitaren-

607 1007 725 1069 tur,
758 990 1068 1051 Ordinibus
1079 981 1515 1065 postulantibus
1534 1020 1557 1049 ,
1586 989 1643 1035 et
1673 975 2004 1055 urgentibus
2026 1022 2043 1050 ‚
2066 974 2219 1032 ada-

606 1083 733 1127 ctus
783 1078 870 1125 est
890 1064 1124 1143 publico
1162 1064 1539 1119 instrumento
1558 1103 1573 1129 ,
1626 1056 1831 1119 Ponti,
1886 1052 1938 1109 is
1980 1054 2218 1109 nomine

607 1157 666 1203 et
699 1144 1038 1203 auctoritate
1063 1186 1084 1215 ‚
1119 1158 1321 1196 omnes
1355 1136 1428 1193 de
1466 1130 1751 1209 ejusmodi
1820 1130 1950 1187 onis
1988 1140 2047 1184 et
2072 1148 2215 1205 pos-

606 1218 955 1280 sessionibus
971 1261 988 1291 ,
1019 1214 1220 1295 quoad
1229 1232 1451 1291 poenas
1472 1220 1529 1267 et
1550 1228 1825 1266 censuras
1857 1206 2180 1262 canonicas
2198 1253 2216 1279 ‚

604 1300 671 1355 in
766 1305 1063 1373 erpetuum
1123 1310 1354 1349 securos
1410 1297 1469 1343 et
1517 1284 1807 1343 absolutos
1871 1281 2171 1338 declarare
2197 1307 2218 1339 :

605 1396 713 1438 ver
758 1396 793 1434 a
826 1381 968 1432 sunt
999 1366 1306 1446 Spondani
1340 1363 1427 1422 ad
1458 1361 1727 1419 eumdem
1756 1379 1903 1418 ann.
1940 1354 2107 1433 1554.
2150 1379 2217 1418 n.

595 1448 663 1526 4.
705 1452 930 1526 Hisque
975 1446 1367 1506 consentiunt
1410 1439 1711 1501 Sanderus
1764 1436 1836 1493 de
1884 1434 2219 1493 Selii-emate

599 1528 938 1605 Anglicano
977 1524 1018 1579 l.
1059 1542 1116 1581 2.
1140 1541 1291 1600 pag.
1334 1515 1470 1596 349.
1504 1516 1643 1576 edit.
1676 1517 1860 1589 Rom.
1884 1533 1989 1571 an.
2043 1510 2213 1573 1586.
2260 1518 2270 1523 ’

597 1610 982 1666 Davanzatus
1020 1598 1085 1654 in
1126 1618 1241 1655 sua
1287 1594 1557 1653 Historia
1596 1590 1943 1650 schismatis
1990 1589 2213 1667 Angli-

595 1684 735 1738 sani
771 1680 934 1740 edita
987 1674 1311 1736 Florentiae
1358 1690 1517 1728 anno
1563 1665 1729 1727 1628.
1764 1686 1913 1743 pag.
1954 1683 2055 1743 91.
2102 1669 2215 1741 qui

597 1778 807 1819 omnes
829 1755 1059 1833 pariter
1081 1751 1457 1811 conveniunt
1484 1748 1549 1807 in
1582 1742 1945 1806 celebranda
1970 1742 2213 1819 praefati

550 1874 556 1892 ι
597 1833 940 1895 Cardinalis
985 1827 1349 1906 prudentia,
1388 1844 1511 1901 qua
1556 1819 1979 1882 difficillimum
2025 1840 2208 1896 nego-

595 1914 752 1971 tium
787 1956 804 1984 ,
849 1916 1092 1969 servata
1129 1900 1401 1963 Ecclesiae
1442 1900 1773 1975 dignitate,
1811 1898 2129 1972 transegit.

317 1985 450 2035 Aliae
467 1985 571 2065 {15⁸-
667 1986 722 2065 §.
753 2006 849 2067 27.
883 1990 945 2045 P.
973 1975 1504 2055 Schmalzgrueber
1532 1977 1596 2032 in
1626 1994 1731 2031 suo
1764 1973 1937 2029 citato
1966 1974 2209 2029 consilio

295 2058 548 2117 pemmo·
601 2062 690 2123 15.
715 2074 856 2123 tom.
886 2080 943 2121 2.
987 2079 1194 2118 casum
1235 2052 1558 2133 perpendit
1581 2050 1846 2111 haeretici
1871 2049 2205 2126 Principis,

296 2134 388 2168 ¹¹⁶⁸
405 2120 474 2171 αι’
490 2138 567 2171 ²³·
680 2142 1152 2215 iAugustanam
1208 2129 1665 2194 confessionem
1720 2127 2036 2199 desei-ensi,
2083 2132 2204 2187 Ca·

292 2182 566 2305 zlssssaecoffi
591 2161 879 2277 fflolicam
919 2210 1307 2289 amplectitur
1343 2204 1714 2283 Religionem
1743 2225 1761 2279 ς
1815 2222 1885 2262 ac
1936 2205 2161 2277 quaerit
2184 2247 2205 2277 ,

291 2316 386 2367 hac
407 2326 560 2372 mate,
590 2291 895 2369 quomodo
941 2308 1148 2365 gerere
1185 2305 1250 2346 se
1302 2284 1522 2345 debeat
1563 2280 1761 2359 quoad
1799 2278 1959 2338 bona
1995 2278 2203 2341 Eccle-

292 2383 383 2433 τίει.
585 2371 824 2429 siastica
849 2412 866 2441 ‚
921 2385 1053 2441 quae
1105 2362 1471 2424 auctoritate
1531 2360 1695 2437 pacis
1733 2354 2061 2417 Westfaliae
2118 2358 2204 2417 ab

583 2443 844 2505 Ecclesia
873 2438 1210 2518 reprobatae
1242 2436 1542 2515 possidet3
1568 2446 1632 2497 et
1651 2433 1896 2511 quIdem
1934 2430 2203 2509 ejusdem

579 2521 785 2579 consil.
843 2518 1078 2608 qucesit.
1115 2534 1174 2573 2.
1236 2534 1405 2571 num.
1445 2531 1541 2573 22.
1604 2508 1915 2572 concludit
1940 2555 1956 2583 ‚
2027 2512 2202 2587 quod

579 2598 687 2655 vel.
725 2604 1014 2652 restituere
1057 2590 1162 2647 illa
1209 2600 1439 2647 tenetur
1460 2630 1479 2660 ,
1516 2590 1621 2647 vel
1649 2588 1736 2646 ad
1782 2608 1855 2643 ea
1888 2587 2199 2645 retinenda

577 2671 938 2749 Apostolicoe
949 2666 1117 2726 Sedis
1133 2664 1624 2743 dispensationem
1638 2664 1944 2723 sollicitare
1960 2708 1979 2738 ‚
1996 2683 2199 2723 exem-

619 2744 750 2808 him
787 2744 1045 2826 afferens
1076 2744 1257 2803 Ducis
1302 2740 1611 2819 Neuburgi
1640 2738 2008 2817 Wolphan'gi
2037 2740 2193 2802 wil-

573 2770 762 2887 Eelmi
783 2864 802 2895 ,
837 2844 906 2883 ac
931 2826 1058 2899 eius
1092 2818 1200 2880 filii
1226 2818 1517 2881 Electoris
1554 2816 1809 2885 Palatini
1834 2814 2193 2895 Wilhelmi;

571 2912 635 2961 et
669 2919 939 2963 asserens
1003 2895 1168 2975 quod
1203 2916 1348 2973 erga
1370 2914 1695 2973 couversos
1724 2894 1801 2955 ad
1828 2892 2042 2953 Fidem
2071 2897 2191 2955 Ca-

568 2976 862 3037 tholicam
897 2944 1046 3033 adeo
1083 2972 1338 3051 benigna
1365 2992 1493 3029 esse
1530 2972 1673 3030 solet
1704 2969 1883 3029 Sedes
1927 2970 2187 3046 Aposto-

567 3052 684 3111 lica
705 3098 724 3128 ,
773 3063 841 3111 ut
869 3051 1104 3109 etiamsi
1129 3052 1305 3125 justa
1340 3049 1418 3105 sit
1452 3069 1669 3120 causa,
1705 3046 2081 3103 retentionem
2112 3048 2199 3103 il.-

565 3130 753 3187 lorum
776 3173 793 3202 ‚
833 3129 897 3190 id
937 3137 1028 3189 cst
1067 3123 1474 3188 immobilium
1522 3124 1797 3186 Ecclesiae
1834 3121 2145 3185 bonorum
2166 3170 2185 3199 ,

564 3206 710 3283 ipsis
749 3203 1136 3282 dispensative
1169 3200 1471 3261 concedat.

367 3299 508 3371 Qum
638 3281 696 3361 S.
739 3278 839 3343 28.
879 3282 1155 3358 Denique
1191 3278 1594 3341 Praedecessor
1640 3287 1847 3338 noster
1898 3274 2185 3337 Clemens

260 3364 423 3424 clem.
449 3367 542 3427 xl.
562 3360 724 3440 Papa
745 3364 855 3465 XI.
905 3357 986 3423 ad
1034 3362 1377 3435 Augustum
1410 3360 1493 3419 11.
1544 3353 1805 3419 Poloniae
1844 3347 2071 3451 Regem
2114 3354 2182 3413 in
