2442 3992
715 159 832 230 192
1229 141 1616 210 Baua-mon
1656 141 1832 208 XIV.

411 231 652 316 *Pom-,¹
708 247 1146 333 immobilium,
1187 269 1304 333 pro
1348 269 1422 310 eo
1467 249 1634 333 quod
1683 252 1761 314 ad
1812 247 2007 387 legl'em
2060 251 2297 322 attinet,

443 329 508 380 A.
532 327 652 382 XII·
707 325 924 409 aequali
958 328 1206 412 prorsus
1244 333 1380 406 iure
1409 339 1759 390 censentur.
1796 333 1888 390 Nu
1916 325 2157 387 laenim
2176 326 2300 404 lege

750 405 1125 482 raescriptum
1154 414 1247 464 est
1264 448 1279 476 ‚
1309 413 1381 463 ut
1418 404 1757 466 dominium
1789 425 1999 465 rerum
2035 405 2155 464 sive
2180 425 2297 466 mo-

703 424 962 555 bilium,
1010 485 1137 543 sive
1191 481 1275 541 im
1341 479 1634 554 obilium,
1670 504 1707 543 a
1754 501 1902 543 vero
1944 479 2186 542 domino
2222 481 2297 540 ad

703 555 878 619 illum
898 600 912 627 ,
971 561 1079 636 qui
1120 579 1219 618 eas
1260 579 1295 618 a
1380 558 1764 619 invasoribus
1784 604 1800 633 ,
1848 579 1919 618 ac
1971 578 2037 616 ra
2082 555 2298 618 toribus

703 643 1007 694 mercatus
1061 636 1280 708 fuerit,
1312 635 1740 696 transferatur.
1786 634 1903 694 Sed
1940 633 2005 694 di
2052 635 2295 710 erentia,

702 712 1035 802 ‹Juaerinter
1061 710 1414 784 mobilium,
1456 733 1525 772 ac
1552 710 1957 772 immobilium
1982 721 2301 788 emptorem
2381 736 2384 738 ·

701 789 1185 862 intercedit,'ab
1226 789 1493 853 hominis
1535 789 1854 851 voluntate
1894 789 2131 865 oritur3
2168 789 2301 866 quia

703 867 996 940 nimirum
1025 866 1260 930 domini
1279 856 1560 928 voluntas
1572 912 1603 955 ὁ
1620 876 1692 926 ut
1720 887 1907 946 supra
1929 864 2160 928 dictum
2186 875 2297 937 est,

705 941 796 1003 illi
818 983 836 1008 ,
875 963 998 1002 non
1035 955 1244 1004 autem
1287 944 1418 1017 isti,
1461 943 1667 1006 favere
1694 943 2115 1021 praesumitur.

427 1071 440 1078 -
463 1028 686 1084 Conclu-
779 1017 835 1097 §-
869 1037 966 1078 22.
1007 1024 1223 1098 Itaque
1254 1023 1522 1082 Decretis
1550 1021 1699 1082 anni
1735 1019 1899 1079 1630.
1939 1018 2113 1080 nullo
2136 1017 2296 1080 modo

408 1097 553 1176 ditur
577 1099 684 1177 ‚5¹³⁶
705 1098 1013 1156 contraire
1064 1098 1241 1161 nobis
1292 1097 1605 1173 videmur,
1648 1099 1695 1158 si
1746 1097 2127 1170 asseramus,
2174 1097 2299 1156 satis

409 1164 625 1241 ¹²?0b1118
704 1171 1023 1233 fundatam
1067 1194 1192 1235 esse
1234 1176 1585 1252 opinionem
1630 1173 1835 1249 illam,
1953 1195 2001 1234 ae
2036 1172 2295 1233 immobi-

410 1247 523 1346 {fnf
544 1249 681 1300 ὀμ·
705 1247 855 1316 lium
887 1249 1138 1311 domino
1163 1257 1259 1330 ius
1287 1251 1532 1326 tribuit,
1575 1264 1648 1312 ut
1679 1252 1810 1313 sine
1840 1195 1966 1311 fflia
1998 1251 2176 1328 pretii
2210 1269 2297 1307 re-

437 1305 598 1416 'Jgffie
705 1328 1022 1386 stitutione
1053 1349 1413 1409 recuperare
1441 1328 1640 1390 valeat
1667 1327 1831 1388 bona
1855 1349 1962 1388 sua
1980 1371 1997 1400 ,
2017 1347 2159 1387 cum
2186 1345 2295 1384 om·

407 1382 684 1486 {titgenass'
706 1403 888 1466 nibus
925 1404 1225 1488 fructibus
1251 1405 1394 1465 inde
1418 1407 1715 1486 perceptis
1734 1450 1750 1478 ,
1788 1404 1867 1466 ab
1904 1404 2041 1480 illo,
2069 1405 2176 1481 qui
2199 1424 2294 1462 nu·

407 1515 517 1552 02⁸0
566 1517 682 1553 cum
708 1484 936 1541 mex-ata
971 1485 1229 1558 pecunia
1260 1503 1331 1542 ea
1364 1485 1381 1542 i
1426 1503 1490 1543 sa
1528 1483 1607 1544 ab
1627 1482 2214 1543 invasoribus'emit.
2238 1481 2297 1540 ld

407 1569 651 1620 omnibus
707 1559 871 1617 enim
911 1562 1089 1636 exigit
1132 1571 1351 1620 natura
1429 1557 1530 1620 elli
1571 1560 1811 1636 iniusti,
1844 1560 1911 1618 in
1937 1578 2064 1637 quo
2108 1557 2295 1636 huius·

296 1675 308 1684 .
404 1631 680 1712 fructibus.
705 1634 870 1694 modi
894 1634 1056 1696 hona
1102 1648 1396 1715 occupata
1430 1637 1683 1712 fuerunt
1708 1657 1726 1695 ε
1753 1635 1824 1696 Id
1847 1636 2077 1712 expetit
2102 1655 2294 1694 eorum

702 1715 1042 1772 Auctorum
1066 1717 1365 1774 sententia
1386 1759 1402 1788 ,
1422 1716 1527 1792 qui
1548 1714 1780 1791 optima
1798 1715 2037 1772 ratione
2060 1711 2295 1783 docent,

704 1809 879 1862 eum,
920 1794 1025 1866 qui
1051 1791 1344 1853 furtivam
1384 1811 1514 1850 rem
1551 1809 1613 1850 se
1652 1809 1851 1850 emere
1888 1788 2168 1860 dubitat,
2203 1799 2297 1848 aut

702 1867 1044 1943 suspicatur
1069 1915 1084 1941 ,
1129 1889 1253 1928 non
1297 1887 1469 1944 posse
1508 1866 1729 1927 deinde
1778 1887 1815 1926 a
1853 1865 2108 1926 domino
2142 1885 2290 1942 repe·

699 1953 832 2002 tere
873 1947 1174 2034 pretium,
1232 1945 1393 2022 quod
1453 1945 1577 2004 furi
1618 1949 1964 2023 numeravit
2006 1965 2023 2004 ε
2070 1945 2191 2002 Em
2225 1953 2298 1998 tor

701 2021 882 2076 maloe
902 2019 1058 2093 fidei
1092 2043 1145 2077 st
1187 2023 1300 2080 sibi
1334 2023 1475 2078 emit
1504 2041 1660 2094 mm,
1684 2039 1867 2098 quam
1915 2019 2017 2083 vel
2064 2021 2179 2076 scie
2212 2029 2292 2092 at,
2380 2057 2382 2096 3

697 2097 804 2153 ⁵vel
831 2095 1136 2154 dubitabat
1151 2145 1168 2176 ,
1215 2119 1321 2156 seu
1358 2097 1767 2174 suspicabatur
1809 2117 1935 2154 esse
1966 2095 2257 2180 furtivam
2278 2115 2311 2167 ,·

698 2193 818 2232 non
897 2185 1044 2240 otest
1072 2181 1121 2232 α’
1147 2175 1383 2232 domino
1422 2175 1579 2232 illius
1619 2174 1705 2230 rei
1740 2185 1983 2252 repetere
2068 2174 2261 2230 retium
2276 2212 2291 2240 ,

696 2195 895 2329 qnodp
908 2253 1233 2311 numeravit
1275 2251 1415 2330 fhri
1465 2249 1755 2308 venditori
1770 2296 1789 2325 ,
1842 2272 1955 2341 quo
2176 2248 2291 2305 talis

695 2328 1046 2403 repetitionis
1087 2330 1319 2386 nultum
1340 2327 1519 2386 habet
1538 2331 1775 2404 justam
1810 2328 2049 2385 tztzdum
2076 2351 2097 2382 .·
2124 2323 2294 2388 verba

697 2414 842 2463 sunt
879 2401 1065 2480 Sylvii
1103 2406 1168 2461 in
1207 2425 1265 2464 2.
1306 2423 1364 2465 2.
1408 2406 1612 2464 Sancti
1672 2402 1911 2463 Thomoe
1990 2415 2169 2462 ztoest.
2204 2399 2286 2458 62.

697 2482 934 2558 quoesit.
975 2479 1039 2541 6.
1081 2493 1198 2540 art.
1229 2480 1291 2541 6.
1316 2483 1573 2540 conclus.
1622 2481 1681 2540 3.
1718 2501 1869 2560 pag.
2028 2523 2047 2540 .
2084 2479 2291 2542 ultimae

697 2556 983 2616 editionis
1017 2559 1369 2636 Antverpiae
1410 2580 1427 2618 ε
1471 2559 1543 2620 Id
1584 2560 1767 2636 exigit
1802 2579 1841 2623 ο
1882 2559 2009 2620 inio
2038 2577 2290 2619 commu·

695 2636 793 2693 nis
833 2654 1080 2707 eorum,
1113 2637 1223 2714 qui
1259 2636 1517 2710 docent,
1560 2638 1741 2696 etiam
1784 2633 1825 2694 il
1854 2657 1959 2696 um
1981 2681 2000 2713 ,
2039 2638 2149 2714 qui
2180 2654 2290 2692 rem

693 2711 862 2770 furto
902 2709 1243 2777 sublatam,
1282 2712 1446 2784 hona
1484 2711 1637 2787 fide,
1678 2710 1777 2773 vel
1811 2712 1891 2773 ab
1944 2715 2078 2792 ipso
2121 2713 2281 2781 fure,

696 2786 793 2848 vel
838 2786 917 2847 ab
957 2787 1076 2847 alio
1115 2799 1415 2850 mercatus
1448 2791 1606 2864 fuit,
1642 2792 1839 2850 teneri
1884 2791 2159 2852 eamdem
2198 2787 2285 2848 do·

695 2867 864 2924 mino
906 2865 1190 2940 reddere,
1236 2887 1345 2926 nec
1386 2864 1655 2928 solutum
1695 2869 1965 2944 pretium
1992 2867 2074 2927 ab
2111 2885 2179 2924 eo
2208 2884 2283 2922 re·

695 2955 903 3020 petere
954 2964 1166 3021 posse3
1212 2953 1284 3003 ut
1338 2943 1545 3006 videre
1582 2956 1674 3004 est
1725 2945 1889 3020 apud
1930 2941 2193 3003 Sanchez
2232 2942 2283 2997 in

696 3021 944 3078 Samma
971 3021 1068 3078 lib.
1103 3040 1159 3080 2.
1185 3041 1320 3098 cap.
1348 3021 1445 3080 23.
1472 3041 1537 3080 n.
1565 3039 1622 3081 2.
1657 3032 1720 3084 et
1752 3020 1916 3098 apud
1945 3021 2285 3081 Bonacinam

695 3090 832 3152 to'm.
870 3116 926 3154 2.
953 3097 1026 3154 de
1067 3099 1417 3154 restitutione
1462 3101 1526 3155 in
1548 3117 1757 3175 genere
1776 3143 1793 3170 ‚
1823 3097 2049 3174 disput.
2081 3117 2130 3154 1.
2153 3117 2208 3172 q.
2234 3090 2303 3150 2.'

681 3183 894 3252 punct.
930 3193 980 3233 1.
997 3175 1277 3252 proposit.
1312 3196 1363 3234 1.
1389 3195 1556 3248 num.
1579 3173 1642 3252 4.
1660 3172 1732 3234 Id
1760 3176 1957 3252 ipsum
1986 3172 2282 3234 deducitur

696 3270 766 3308 ex
795 3249 1030 3326 regula,
1113 3273 1251 3313 uam
1276 3264 1613 3330 sequuntur
1642 3257 1876 3312 ma‘ora
1906 3246 2278 3312 Tribunalia:
2371 3239 2372 3260 ²

696 3345 960 3402 quorum
1004 3332 1064 3389 vi
1111 3328 1287 3389 elicet
1323 3332 1686 3392 auctoritate
1767 3329 1999 3395 ecernit
2138 3327 2278 3386 bona

698 3403 1030 3471 immobilia
1069 3406 1466 3471 Ecclesiarum
1516 3408 1595 3470 ab
1636 3409 1943 3484 Haereticis
1978 3417 2084 3477 Qec
2162 3414 2277 3478 ,ἴθ’
2369 3467 2370 3480 ,

2170 3484 2177 3504 “
2192 3474 2281 3546 bili

2376 2589 2379 2665 1

2374 2781 2377 2896 1
