2442 3992
343 282 353 288 ,
420 228 489 285 Ν.
518 226 624 287 IV.

680 110 763 179 55
768 132 804 177 2
1267 113 1718 179 Arrssxmx.

682 217 884 296 quoad
912 220 1376 295 possessorium3
1411 229 1548 296 post
1581 218 1945 279 diuturnum
1983 228 2044 278 et
2085 230 2251 281 matu·

682 316 822 356 rum
866 297 955 355 rei
1002 316 1252 355 examen
1273 341 1290 369 ,
1327 296 1612 356 omnibus
1641 296 1758 355 rite
1793 300 2108 373 perpensis
2145 343 2162 371 ,
2209 301 2258 359 in

682 372 846 433 hanc
880 374 1244 432 sententiam
1283 374 1725 447 consiliumque
1756 372 2117 435 devenimus
2144 418 2162 447 ,
2209 386 2265 434 ut

682 451 1048 509 auctoritate
1086 450 1270 519 Nobis
1299 471 1334 510 a
1369 454 1494 509 Deo
1533 470 1813 513 concessa
1841 452 2266 523 meretum-,ad

684 525 1127 588 removendum
1171 548 1206 587 a
1263 525 1437 586 nobis
1487 537 1672 586 tantae
1721 538 1784 585 et
1840 537 1970 585 tam
2031 531 2269 587 enormis

684 600 877 679 culpae
926 612 1195 674 reatum,
1237 599 1516 678 neglectae
1561 602 1789 663 scilicet
1827 623 1988 663 curae
2041 613 2104 662 et
2143 606 2268 679 regi-

684 674 866 739 rninis
908 687 1000 739 tot
1032 677 1287 738 millium
1313 680 1657 739 animarum
1682 722 1698 743 ‚
1739 700 1874 755 quae
1907 702 1944 739 a
1975 688 2150 739 tanto
2172 686 2272 757 jam

687 766 961 832 tempore
996 754 1184 815 veluti
1215 756 1465 815 desertae
1501 758 1632 816 sine
1671 762 1914 815 Pastore
1959 758 2165 817 vivere
2201 756 2273 814 di-

684 842 1084 907 gnoscuntur.
1135 838 1520 909 Quapropter
1559 834 1852 891 usitatum
1897 828 1963 890 in
2003 830 2277 891 simflibus

686 908 1022 968 remedium
1054 953 1071 981 ‚
1106 910 1232 969 sive
1255 919 1818 987 temperamentum
1846 954 1862 979 ‚
1903 918 1966 968 et
2007 909 2085 967 ad
2128 919 2275 985 opta·

685 995 821 1043 tum
876 984 1058 1043 finem
1112 987 1257 1045 satis
1304 984 1547 1054 efficax,
1597 994 1660 1043 et
1713 983 1884 1043 nullo
1927 986 2275 1045 contenden-

686 1062 842 1119 tium
886 1058 1127 1136 'juribus
1182 1060 1534 1138 praejudicio
1593 1061 1869 1119 futurum
1896 1105 1913 1130 ‚
1969 1059 2275 1137 eligentes,

684 1138 910 1195 nostris
957 1147 1130 1195 motu
1179 1140 1429 1213 proprio
1453 1182 1476 1213 ,
1525 1146 1588 1196 et
1627 1137 1793 1195 certa
1839 1138 2098 1195 scientia
2119 1142 2158 1210 “,
2211 1156 2270 1195 ac

684 1212 764 1277 de
801 1211 1163 1288 Apostolicae
1198 1217 1512 1289 potestatis
1535 1211 1949 1288 plenitudine,
1981 1216 2276 1274 statuimus
2372 1226 2375 1231 '

686 1298 875 1365 atque
918 1288 1300 1349 decernimus
1321 1334 1339 1363 ‚
1379 1301 1451 1350 ut
1499 1309 1567 1348 ea
1615 1310 1758 1365 pars
1795 1290 2082 1349 Dioecesis
2115 1290 2274 1366 Aqui-

686 1362 928 1441 leiensis
954 1409 969 1429 ,
1013 1386 1145 1443 quae
1199 1364 1519 1442 temporali
1559 1366 1888 1426 Austriacae
1939 1370 2165 1425 Domus
2205 1365 2276 1426 di-

688 1442 844 1501 tioni
884 1442 1125 1516 subest,
1150 1463 1260 1518 per
1291 1464 1479 1513 unum
1500 1443 1808 1504 Vicarium
1837 1452 2122 1502 nostrum
2141 1447 2274 1517 Apo·

688 1517 970 1579 stolicum
1016 1521 1076 1577 in
1120 1520 1538 1594 spiritualibus
1583 1519 1988 1594 guber'neture
2033 1524 2111 1578 Et
2152 1537 2276 1593 quo·

691 1597 860 1655 niam
888 1642 905 1667 ,
943 1594 1083 1655 licet
1108 1600 1229 1655 Nos
1267 1597 1343 1655 ad
1384 1596 1837 1685 impetrandum
1873 1594 2276 1673 praedictarum

642 1708 659 1723 ·
692 1670 1129 1732 dissensionum
1190 1672 1376 1733 finem
1403 1718 1423 1746 ‚
1481 1692 1682 1732 emxas
1731 1674 1896 1736 omni
1941 1674 2140 1733 otenti
2177 1676 2278 1731 Deo

689 1768 895 1825 preces
942 1748 1199 1809 fundere
1244 1768 1368 1808 non
1406 1751 1798 1819 omittamus,
1843 1770 1877 1807 a
1927 1749 2051 1808 huc
2103 1759 2280 1807 tamen
2374 1758 2375 1769 ¹

689 1845 976 1903 ueremur
1003 1870 1020 1896 ‚
1068 1846 1147 1885 ne
1168 1870 1186 1897 ‚
1236 1828 1494 1900 peccatis
1549 1828 1770 1886 uostris
1821 1824 2276 1889 obsistentibus,

692 1920 901 1960 earum
947 1904 1241 1961 terminus
1273 1898 1508 1978 longius
1545 1902 1945 1978 protrahatur
1977 1923 1998 1975 ς
2057 1900 2187 1960 ideo
2225 1919 2278 1957 en

692 1978 899 2039 omnia
924 2018 939 2042 ,
984 1998 1129 2053 quae,
1158 1976 1510 2053 huiusmodi
1543 1980 1918 2039 vicariatum
1971 1979 2040 2037 in
2092 1995 2278 2053 genere

692 2064 1071 2113 concernunt
1084 2098 1106 2127 ,Α
1123 2056 1513 2129 praesentium
1532 2056 1904 2123 Litterarum
1922 2065 2138 2115 tenore
2157 2073 2274 2118 con·

692 2130 948 2190 stituere
966 2176 987 2204 ‚
1014 2133 1415 2191 necessarium
1436 2142 1498 2190 et
1521 2142 1936 2207 opportunum
1958 2148 2278 2206 censemus5

692 2204 931 2284 reliqua
969 2207 1248 2283 deinceps
1282 2252 1304 2279 ,
1339 2216 1472 2283 quae
1514 2209 1825 2283 pertinent
1867 2207 1944 2267 ad
1991 2204 2278 2267 facultates
2372 2208 2373 2211 ’

693 2284 808 2361 ipsi
845 2284 1085 2345 Vicurio
1140 2305 1177 2341 a
1219 2283 1405 2343 Nobis
1454 2284 1838 2359 deputando,
1885 2290 2136 2361 ejusque
2170 2301 2276 2341 suc·

694 2359 1031 2423 cessoribus
1086 2360 1292 2423 forsan
1359 2362 1421 2419 in
1481 2358 1760 2419 futurum
1801 2358 2086 2421 similiter
2122 2358 2274 2434 depu-

694 2434 1387 2516 tandis‘impertiendaS,
1419 2435 1762 2495 distinctius
1797 2434 2182 2512 exprimenda
2204 2452 2275 2497 re·

694 2522 1007 2574 servantes
1054 2509 1187 2571 aliis
1213 2515 1445 2573 ‘nostris
1478 2510 1836 2589 Apostolicis
1869 2514 2120 2585 Uteris,
2159 2528 2279 2587 quas

697 2607 881 2667 super
926 2584 1322 2663 deputatione
1405 2609 1634 2649 ersonae
1696 2588 1774 2648 ad
1815 2589 2002 2664 ipsius
2047 2588 2276 2651 Vinaria·
2369 2642 2371 2653 ἶ

699 2674 799 2733 tus
823 2664 1170 2723 exercitium
1204 2688 1242 2725 a
1275 2669 1366 2725 No
1413 2667 1461 2725 is
1497 2657 1784 2741 eligendas
1817 2664 2048 2725 edituri
2083 2680 2275 2723 sumus.

718 2802 731 2809 ,
773 2742 827 2811 §.
870 2761 927 2801 2.
968 2740 1143 2815 Quod
1192 2744 1397 2818 itaque
1451 2739 1792 2800 deliberato
1845 2762 2054 2814 rerum
2109 2736 2277 2801 ordini

698 2816 1069 2886 conveniens
1110 2828 1169 2877 et
1202 2838 1536 2894 congruum
1582 2833 1938 2894 reputamus
1953 2844 1975 2893 ·,
2019 2819 2207 2879 omnia
2229 2822 2278 2876 et

698 2892 952 2970 singula.
978 2894 1458 2971 praecedentibus
1495 2894 1876 2971 temporibus
1924 2906 2104 2973 capta
2153 2902 2276 2957 tem·

694 2981 1055 3047 paramenta
1106 2968 1468 3046 abrogantes
1507 2981 1573 3030 et
1616 2972 1926 3038 irritantes
1961 3016 1979 3045 ,
2040 2968 2273 3033 decerni·

698 3065 839 3107 mus
862 3046 1056 3121 primo
1086 3086 1103 3111 ,
1156 3056 1338 3123 atque
1383 3048 1742 3116 statuimus,
1783 3068 1918 3107 eam
1959 3045 2275 3125 Aquileien-

699 3122 777 3191 sis
816 3122 1096 3180 Dioecesis
1158 3133 1394 3197 partem
1420 3168 1436 3192 ‚
1481 3144 1615 3201 quae
1653 3124 1770 3187 sub
1813 3124 2132 3203 temporali
2177 3126 2271 3181 Au·
2368 3146 2369 3149 ¹

699 3196 917 3267 striaca
942 3196 1175 3257 ditione
1198 3200 1530 3261 constituta
1553 3210 1647 3260 est
1662 3246 1679 3273 ,
1704 3196 1784 3261 ab
1815 3198 1942 3261 un'o
1965 3196 2276 3279 Apostolico

698 3273 977 3350 Vicario‚
1017 3282 1087 3333 ut
1116 3275 1438 3351 praefertur
1467 3322 1486 3352 ,
1530 3277 1595 3339 in
1645 3274 2066 3356 spiritualibus
2103 3293 2276 3351 regen-

698 3343 843 3414 dam'
877 3360 941 3413 et
980 3348 1440 3431 gubernandam
1477 3352 1610 3423 fore
1641 3374 1661 3415 ε
1695 3352 1992 3431 Secunda,
2032 3352 2279 3418 volumus
