2442 3992
649 158 770 252 178
1140 158 1525 225 Beunmcn
1582 156 1756 227 xlv.

351 288 454 347 Po
475 298 594 342 πτ.
651 268 960 349 emptione
997 268 1305 345 persolvit.
1352 271 1411 329 si
1439 279 1643 329 autem
1671 270 1771 329 hie
1812 290 1951 331 eum
1992 268 2261 349 alienum

359 357 431 413 A.
459 353 594 411 XII.
654 368 778 412 esse
805 346 1092 418 nescivit,
1137 346 1463 418 statuitur,
1494 345 1745 409 domino
1778 352 2143 425 comparenti
2186 370 2269 409 ae
2362 386 2373 399 ο

523 436 528 441 “
653 426 918 516 pretium
945 421 1717 559 offeni-:entirestituendume
1742 424 2075 562 dummodo
2100 426 2267 486 infra
2360 448 2367 459 ·

655 516 904 562 triennii
964 520 992 559 s
1036 520 1069 559 a
1102 519 1226 558 ium
1291 520 1425 559 com
1470 520 1671 561 arueri
1736 523 1751 539 ·
1858 522 1935 561 uo
2020 524 2109 563 em
2194 522 2271 563 re

658 578 900 655 elapw,
949 520 1559 652 sinimus-domibus
1596 547 1757 655 jure’·
1784 522 2269 639 rffdimendipza-

660 657 754 717 dit
792 676 808 714 ε
848 664 920 714 ut
955 651 1259 729 colligitur
1309 672 1381 709 ex
1430 654 1587 731 Lege
1628 654 1691 709 in
1729 653 1875 712 bello
1922 653 1977 733 3.
2024 656 2091 713 Si
2130 658 2271 735 quis

661 752 889 790 servum
904 730 984 811 ff
1020 730 1092 786 de
1129 750 1200 785 ca
1240 729 1370 787 civis
1406 741 1463 785 et
1490 730 1847 807 postliminio
1882 730 2113 791 reversis
2128 778 2144 807 ‚
2172 733 2269 793 al·

662 811 781 869 teri
815 814 1153 886 conjungen
1201 828 1235 866 a
1272 807 1354 863 L.
1391 806 1491 864 Ab
1528 806 1787 867 hostibus
1830 809 1898 867 C.
1940 809 2139 867 eodem
2170 812 2269 868 tic.

663 892 804 947 Haee
842 888 1048 949 omnia
1089 882 1494 960 comprobant
1519 928 1535 953 ,
1577 890 1806 960 justum
1849 888 2102 947 omnino
2145 907 2278 946 esse·

667 962 768 1037 id,
808 960 974 1038 quod
1014 959 1304 1035 Theologi
1342 958 1401 1018 S.
1436 957 1631 1021 officii
1670 963 1971 1039 responsis
2014 962 2272 1024 Theolo-

668 1058 882 1117 gorum
910 1039 1407 1113 congregationis
1440 1036 1515 1097 de
1547 1039 1939 1115 Propaganda
1975 1039 2123 1100 Fide
2164 1041 2273 1100 ad·

669 1116 1001 1190 diderunt3
1045 1114 1388 1189 Eademque
1426 1116 1743 1175 certiorem
1779 1113 2278 1193 stabilioremque

670 1190 943 1253 reddunt
987 1192 1349 1255 sententiam
1390 1189 1632 1251 illorum
1654 1238 1670 1266 ‚
1706 1194 1809 1269 qui
1838 1193 2093 1267 docent,
2136 1214 2275 1271 pre·

671 1273 827 1329 tium
860 1266 1303 1327 restituendum
1342 1286 1467 1327 esse
1512 1266 1601 1327 illi
1624 1314 1640 1340 ‚
1677 1272 1782 1346 qui
1818 1282 2141 1331 numerata
2169 1290 2277 1348 pe·
2366 1292 2383 1309 ·

673 1346 1016 1405 eunia·rem
1058 1344 1136 1403 ab
1179 1341 1459 1405 hostibus
1503 1347 1685 1405 etiam
1727 1347 1789 1405 in
1839 1345 2003 1407 bello
2051 1349 2282 1425 iniusto

462 1456 619 1509 Tmu
674 1433 912 1499 captam
969 1421 1085 1481 sibi
1129 1422 1468 1497 acquisivit.
1502 1428 1858 1500 Quanquam
1900 1427 2285 1501 enimjlugo

381 1525 653 1577 semime„
676 1501 926 1560 Grotius
949 1542 966 1570 ‚
991 1496 1153 1576 quod
1265 1498 1453 1558 rtinet
1485 1498 1561 1557 ad
1590 1502 2037 1560 restitutionem
2060 1504 2282 1578 pretii,

380 1599 462 1643 est
517 1608 624 1642 rem
679 1597 816 1636 eum
860 1574 992 1635 aliis
1038 1592 1196 1651 praea
1226 1573 1433 1649 legatis
1473 1575 1823 1635 auctoribus
1860 1595 1984 1637 non
2025 1598 2283 1638 consen·

382 1659 620 1709 amissam
679 1654 795 1714 tiat
829 1676 845 1712 ε
894 1672 1082 1730 quum
1119 1662 1327 1712 tamen
1368 1672 1403 1711 a
1444 1651 1696 1712 domino
1730 1663 1971 1714 tantum
2018 1659 2283 1731 emptori

379 1742 654 1805 temper-3
679 1728 1074 1793 reficiendum
1107 1724 1255 1787 velit
1280 1773 1297 1802 ‚
1331 1738 1629 1804 quantum
1660 1731 1785 1806 ipse
1814 1728 1890 1791 ad
1925 1732 2012 1791 rei
2054 1734 2287 1792 amissae

381 1798 1106 1885 ¹⁸2q⁰⁸⁰¹¹possessionem
1163 1804 1635 1883 recuperandam
1694 1824 1867 1885 aequo
1913 1808 2119 1868 animo
2174 1811 2283 1869 im·

379 1860 656 1977 zgffffim
676 1884 1022 1962 pendisset3
1050 1882 1097 1940 si
1129 1878 1311 1957 hujus
1345 1881 1663 1943 aestimatio
1693 1902 1943 1945 summae
1970 1906 2007 1945 a
2031 1889 2287 1946 Forensi

381 1998 477 2043 m,
677 1959 1064 2023 Calculatore
1119 1958 1284 2017 recte
1337 1959 1617 2025 ineatur,
1674 1980 1961 2037 magnum
2008 1963 2290 2039 profecti)

678 2038 800 2113 erit'
821 2082 837 2113 ,
873 2037 987 2097 nisi
1020 2034 1098 2095 ad
1130 2051 1263 2094 eam
1290 2038 1557 2111 pecuniae
1598 2041 2025 2113 quantitatem·
2046 2044 2286 2116 pertin·

677 2126 779 2191 gat
795 2161 811 2187 ‚
842 2121 1022 2192 quam
1043 2122 1282 2189 emptor
1296 2132 1410 2189 pro
1428 2114 1523 2171 rei·
1540 2115 1936 2188 acquisitione
1961 2116 2169 2193 pet-sol
2178 2120 2285 2177 vit.

450 2198 534 2251 An
577 2216 653 2252 ea.
751 2188 941 2269 §.16.
979 2196 1140 2266 Quae'
1175 2188 1468 2249 hactenus
1521 2192 1936 2265 exposuimus,
1976 2196 2039 2251 in
2102 2194 2291 2255 rebus

379 2266 496 2344 giem
521 2266 656 2319 circa
676 2265 1002 2327 mobilibus
1040 2265 1468 2326 tantummodo
1499 2263 1697 2326 locum
1724 2266 1986 2345 habent3
2022 2270 2297 2349 ideoque

379 2335 618 2411 ammobi-
674 2353 802 2405 tota
865 2340 1289 2418 disputationis
1336 2341 1657 2404 difficultas
1699 2364 1861 2405 nunc
1905 2346 1977 2405 eb
2006 2362 2010 2369 ·
2036 2348 2293 2409 redacta

379 2400 452 2449 ¹¹⁸
482 2418 650 2480 P‘oef·
677 2432 797 2487 est,
832 2429 904 2478 ut
944 2418 1259 2489 videatur,
1302 2440 1379 2479 an
1420 2417 1546 2478 haee
1584 2420 1793 2482 eadem
1821 2466 1836 2495 ,
1874 2442 2007 2500 quae
2036 2424 2121 2484 de
2162 2446 2289 2485 rno-

379 2468 652 2585 daztst’ioin
676 2494 900 2555 bilibus
946 2493 1108 2553 dicta
1156 2503 1339 2561 sunt,
1404 2494 1822 2557 immobilibus
1871 2502 2055 2560 etiam
2106 2502 2296 2565 rebus

377 2550 496 2651 gem
517 2619 656 2660 nvo,
676 2574 871 2650 aptari
889 2572 1154 2648 possintt,
1179 2568 1670 2647 quandoquidem
1700 2573 1885 2636 dubia
1907 2623 1923 2644 ‚
1952 2598 2091 2655 quae
2124 2600 2293 2641 nunc

380 2675 542 2722 catur.
676 2651 1100 2711 examinantur
1127 2689 1144 2721 ‚
1199 2666 1451 2725 quaeque
1516 2656 1799 2728 praesenti
1875 2652 2295 2732 disquisitioni

675 2724 1505 2800 occasionemxpraebuerunn
1538 2727 1787 2788 mobilia
1821 2729 1987 2790 bona
2014 2752 2147 2793 non
2200 2757 2291 2796 re-

672 2806 937 2883 spiciunt
965 2847 982 2875 ‚
1021 2801 1123 2861 sed
1163 2801 1518 2861 immobilia.
1562 2806 1750 2866 Porri>
1805 2807 1855 2866 si
1908 2806 2118 2885 aliqua
2176 2811 2289 2873 dif-

601 2924 605 2928 -
671 2882 928 2943 ferentia
983 2878 1148 2938 inter
1178 2876 1426 2939 mobilia
1470 2892 1531 2939 et
1568 2882 1904 2943 immobilia
1941 2887 2295 2950 intercede-

673 2969 805 3034 ret,
837 2958 1135 3032 et‚rati0‚
1224 2964 1311 3015 uae
1354 2976 1469 3032 pro
1512 2955 1633 3017 inis
1671 2952 1871 3019 valida
1920 2974 2293 3039 reputatur,

672 3048 786 3111 pro
828 3034 920 3094 his
957 3052 1124 3111 aeque
1159 3052 1192 3092 a
1242 3034 1361 3091 erri
1398 3053 1522 3092 non
1562 3046 1764 3111 posset
1797 3057 1815 3111 3
1856 3036 1954 3097 vel
1986 3041 2035 3097 si
2080 3038 2295 3119 aliqua

639 3111 903 3191 ‚adesset
943 3107 1148 3185 ”legum
1190 3109 1534 3187 dispositio,
1575 3129 1709 3187 quae
1748 3130 1959 3183 rerum,
1997 3118 2295 3180 immobi-

639 3186 823 3249 'lium
878 3186 1139 3245 dominis
1192 3188 1379 3263 magis
1414 3187 1684 3260 faveret,
1738 3188 1913 3249 facile
1958 3195 2295 3273 quisquam

671 3262 973 3324 affirmare
1019 3274 1216 3340 posset
1244 3307 1261 3336 ‚
1336 3263 1454 3324 uod
1480 3309 1495 3336 ,
1529 3262 1669 3325 licet
1702 3266 1753 3325 is
1778 3313 1793 3340 ,
1838 3268 1941 3343 qui
1985 3290 2016 3327 a
2068 3274 2296 3334 Tui-cis

672 3360 770 3402 res
819 3337 1068 3401 mobiles
1125 3343 1190 3399 in
1240 3339 1403 3400 belo
1445 3350 1651 3417 captas
1705 3354 2007 3404 mercatus
2052 3346 2293 3425 fuerit,

675 3440 773 3481 eas
809 3428 943 3481 tuta
975 3416 1340 3481 canscientia
1374 3416 1646 3479 detinere
1682 3432 1899 3497 queat,
1940 3423 2130 3485 modo
2160 3432 2295 3490 ani.
