2442 3992
641 151 762 220 290
1121 127 1511 193 BENEmcn
1552 123 1727 190 XIV.

378 253 586 306 Pon.
639 235 1241 305 communicationis,
1280 232 1723 311 suspensionis,
1778 243 1843 292 et
1894 233 2269 308 interdicti,

377 320 442 373 A.
459 317 580 375 XII.
639 312 893 392 aliisque
921 309 1349 378 Ecclesiasticis
1371 310 1689 370 sententiis
1712 313 2023 384 censuris,
2056 323 2123 371 et
2141 333 2262 390 poe-

342 403 409 454 id
501 417 620 453 cnu-
645 393 737 450 nis
765 436 782 463 ‚
821 410 858 450 a
896 394 1068 466 iure,
1105 387 1200 451 vel
1232 387 1311 448 ab
1352 385 1603 448 bomine
1648 388 1862 463 quavis
1904 391 2265 456 occasione,

343 468 619 547 “latmia-
647 465 742 526 vel
793 486 974 539 causa
1014 464 1152 526 latis
1176 510 1195 540 ‚
1234 467 1283 525 si
1362 463 1543 524 uibus
1576 463 2047 542 quomodolibet
2089 467 2265 525 inno·

341 542 588 588 “mmm
643 543 774 604 dati
819 545 1120 616 existunt,
1159 541 1241 602 ad
1277 562 1329 612 e,
1358 552 1559 604 ectum
1589 543 1983 618 praesentium
2020 543 2265 602 tantum

342 604 466 652 '‘m''
483 601 550 652 'd
569 616 624 652 ⁸⁰
644 618 1142 696 consequendum
1171 663 1192 691 ,
1240 618 1461 678 harum
1502 619 1659 678 serie
1698 615 2091 678 absolventes
2128 663 2148 688 ,
2208 629 2269 678 et

345 676 544 722 ‘'⁰⁰¹¹“
644 696 956 758 absolutos
981 696 1111 755 fore
1144 705 1464 755 censentes
1496 714 1514 752 ε
1554 699 1724 756 Motu
1757 697 2013 772 proprio
2042 736 2061 764 ‚
2094 706 2163 755 et
2204 715 2275 754 ex

643 775 811 834 certa
846 771 1096 832 scientia
1116 818 1134 844 ‚
1172 770 1250 831 de
1278 766 1640 848 Apostolicae
1670 815 1688 844 ,
1722 782 1784 830 et
1814 791 2121 848 supremae
2156 775 2274 832 No·

645 864 784 922 strae
823 851 1138 927 potestatis
1178 845 1597 924 plenitudine,
1636 847 1989 925 praedictam
2032 849 2272 908 instan-

645 929 796 988 tiam
825 970 844 996 ,
893 931 962 984 a'c
1012 927 1198 988 etiam
1248 943 1696 1007 quamcumque
1746 924 1913 989 litem
1944 967 1961 996 ,
2012 935 2077 982 et
2129 944 2273 982 cau·

646 1023 774 1063 sam
824 1021 1006 1077 super
1066 1003 1385 1079 praemissis
1436 1000 1501 1060 in
1554 998 1719 1060 dicta
1781 1002 2279 1076 congregatione

647 1077 1062 1140 introductam
1098 1123 1116 1150 ,
1174 1079 1239 1136 in
1294 1097 1485 1154 eaque
1542 1077 1955 1166 pendentem,
2014 1076 2097 1134 ad
2159 1081 2278 1137 Nos

647 1154 995 1226 evocando,
1024 1155 1270 1230 penitus
1294 1164 1354 1214 et
1392 1173 1643 1214 omnino
1670 1156 2112 1230 extinguimus,
2146 1174 2277 1211 om-

647 1230 949 1308 nibusque
990 1241 1053 1290 et
1085 1228 1335 1306 singulis
1359 1228 1619 1306 desuper
1647 1231 1938 1291 interesse
1986 1227 2273 1289 haberiti-⁶

646 1308 764 1367 bus
791 1352 807 1379 ,
858 1327 963 1366 seu
1025 1306 1254 1367 habere
1296 1305 1817 1383 pretendentibus
1841 1351 1861 1381 ,
1896 1317 2277 1384 perpetuum

646 1383 953 1459 silentium
990 1385 1381 1460 imponimus.

359 1485 626 1550 Pei-gulam
696 1459 779 1550 §.
823 1459 881 1519 5.
927 1461 1114 1523 Porro,
1147 1456 2047 1551 Terram·Pergulaepraefatam
2081 1460 2151 1518 in
2176 1457 2272 1546 Ci-

353 1556 410 1604 in
433 1553 626 1606 Civita-
650 1548 900 1600 vitatem
936 1537 1233 1615 peitpetub
1272 1557 1559 1616 erigimus
1594 1548 1659 1596 et
1706 1538 2089 1598 instituimus
2126 1557 2147 1610 ;
2194 1555 2273 1593 ei·

351 1627 459 1672 tem
479 1620 630 1684 erigit
652 1632 771 1689 que
799 1615 1082 1675 Civitatis
1121 1613 1374 1674 titulum
1402 1611 1480 1672 ad
1506 1611 2069 1684 denominationem
2088 1656 2107 1684 ‚
2134 1631 2276 1670 cum

349 1701 483 1764 cnm,
511 1700 628 1736 0⁰¹¹·
652 1691 938 1751 omnibus
985 1690 1327 1752 honoribus
1356 1735 1377 1765 ‚
1410 1688 1683 1767 juribus,
1716 1689 2144 1767 praerogativis
2162 1733 2181 1760 ,
2207 1707 2275 1746 ac

348 1759 512 1831 *ΜΨ*
537 1751 630 1802 h0·
651 1767 1182 1840 decorationibus,
1220 1788 1356 1844 quae
1402 1767 1633 1826 caeteris
1680 1765 1967 1828 omnibus
2012 1765 2279 1826 Ditiouis

341 1817 596 1936 ξωέξὲἷν
653 1847 887 1904 Nostrae
940 1845 1269 1919 Boutiflciae
1339 1827 1709 1918 civitatibus
1772 1852 2125 1918 competere
2186 1840 2274 1899 di·

351 1903 464 2005 ,ῗέ
538 1900 565 1937 ⁸
651 1931 1062 1996 gnoseuntur3
1092 1923 1212 1996 N‘ec
1240 1939 1361 1981 non
1388 1919 2055 1997 Magistratuieiusdem
2072 1923 2276 1978 Terrae

653 1998 718 2056 in
757 1999 1121 2069 Civitatem,
1161 2008 1235 2068 ut
1271 1996 1597 2084 praefertur
1618 2041 1637 2073 ,
1674 2007 1923 2072 erectae,
1950 2006 2276 2064 consuetos

651 2073 952 2144 honores,
991 2084 1054 2146 et
1090 2073 1385 2158 insignia,
1432 2073 1654 2149 quibus
1694 2072 1956 2132 aliarum
1999 2070 2275 2149 eiusdem

647 2151 914 2212 Ditionis
947 2152 1285 2212 Civitatum
1320 2155 1412 2210 Ma
1456 2151 1705 2227 istratus
1726 2194 1743 2228 ,
1778 2149 1867 2218 de,
1891 2155 2071 2226 iure,
2114 2170 2229 2209 usu
2257 2193 2275 2222 ,

649 2238 760 2287 aut
799 2226 1243 2300 consuetudine
1288 2246 1401 2304 gau
1449 2247 1583 2298 ere,
1616 2247 1725 2294 seu
1770 2225 1997 2304 quibus
2047 2227 2145 2285 uti
2186 2245 2275 2285 re·

650 2306 916 2378 spective
954 2314 1212 2384 possunt
1246 2313 1310 2362 et
1340 2300 1551 2363 valent
1586 2324 1604 2366 ε
1646 2307 1741 2372 Ita
1770 2309 2007 2374 tamen,
2062 2313 2137 2364 ut
2166 2320 2277 2380 pro

385 2353 539 2408 ⁸⁸¹'⁸
566 2351 627 2402 ἢ·
651 2388 922 2455 tempore
960 2381 1218 2440 existens
1258 2369 1533 2440 Ecclesiae
1570 2379 1905 2456 Eugubinae
1939 2377 2276 2456 Episcopus

353 2421 458 2470 lius
509 2418 629 2470 nub·
824 2458 834 2469 .
1019 2458 1031 2470 .
1173 2459 1183 2470 .
1844 2457 1857 2472 .
1998 2459 2009 2469 .
2068 2459 2080 2470 .

349 2486 573 2552 jectione
647 2455 971 2530 praedictus
1014 2477 1080 2515 in
1122 2457 1287 2518 dicta
1321 2461 1509 2526 Terra
1545 2477 1657 2534 per
1682 2459 1801 2520 Nos
1842 2478 1906 2518 iu
1939 2461 2278 2520 Civitatem

345 2553 588 2604 Ecclesiae
650 2541 721 2589 ut
766 2533 1088 2610 praefertui·
1115 2578 1133 2605 ,
1174 2541 1377 2592 erecta
1404 2577 1423 2606 ,
1463 2532 1728 2594 residere
1759 2532 2011 2595 minime
2066 2544 2273 2593 tenea-

347 2618 625 2670 Ciihedra.
648 2616 790 2680 tur,
849 2608 952 2676 sed
1009 2605 1116 2666 illa
1164 2603 1439 2680 Ecclesiae
1490 2608 1823 2686 Eugubinae
1852 2655 1869 2682 ,
1920 2620 1993 2669 ut
2049 2621 2274 2681 antea,

349 2688 396 2763 ii·
455 2685 623 2752 Eugu-
646 2683 921 2760 subiecta
975 2695 1293 2746 remaneat
1319 2727 1333 2754 ,
1380 2685 1595 2766 eadem
1647 2687 2015 2770 fluptqritate
2056 2705 2273 2748 conce.

292 2807 300 2814 .
345 2752 499 2803 ¹²²⁰ae-
641 2757 843 2820 dimus
871 2806 888 2831 ,
937 2770 1002 2820 et
1036 2761 1447 2838 impertimur}
1480 2755 1511 2772 ”
1559 2759 1566 2771 ‘

343 2874 621 2928 viariam·
731 2835 786 2914 §-
827 2833 889 2901 6.
929 2841 1019 2896 Ac
1043 2839 1292 2914 insuper
1322 2837 1674 2906 Venerabili
1700 2840 1902 2900 Fratri
1937 2839 2273 2910 moderno,

340 2943 628 2997 Foraneum
651 2922 714 2972 et
819 2935 890 2974 ro
943 2924 1218 2990 tempore
1274 2917 1550 2976 existenti
1595 2918 1891 2993 Episcopo
1948 2917 2273 2993 Eugubino

345 3007 588 3075 Episcopi
640 3007 766 3064 prae
784 2991 972 3080 ficto,
991 2989 1174 3050 simili
1205 2994 1609 3068 auctoritate,
1633 3013 1705 3059 ac
1736 2992 2097 3054 earumdem
2121 3012 2271 3072 pra·

345 3071 604 3140 Eugubini
641 3075 908 3126 sentium
952 3078 1165 3130 tenore
1199 3070 1640 3130 committimus
1677 3081 1739 3130 et
1772 3067 2179 3142 mandamus,
2204 3081 2273 3131 ut

347 3142 539 3192 ibidem
641 3141 710 3206 in
743 3139 908 3204 dicta
951 3147 1142 3203 Terra
1172 3162 1285 3219 per
1326 3149 1445 3206 Nos
1482 3147 1546 3206 in
1585 3144 1909 3208 Civitatem
1940 3191 1961 3220 ,
2008 3158 2086 3208 ut
2118 3167 2269 3224 prae·

348 3208 597 3275 deputan-
642 3211 876 3287 fertur,
927 3230 1162 3286 erecta,
1212 3241 1407 3284 unum
1467 3221 1900 3298 Presbyterum
1935 3267 1953 3296 ‚
2018 3221 2119 3284 vel
2158 3224 2270 3284 sal·

329 3275 622 3404 ‘xxiiam‘
647 3304 769 3354 tem
809 3294 1112 3357 clericum
1151 3296 1501 3360 saecularem
1522 3343 1541 3374 ‚
1569 3300 1635 3362 in
1678 3297 1884 3378 aliqua
1918 3299 2172 3377 publica
2212 3309 2275 3362 et

647 3371 986 3476 approbata
1021 3371 1367 3462 studiorum
1415 3377 1829 3467 Universitate
1866 3380 2103 3444 Laurea
2150 3382 2265 3444 Do-.
