2442 3992
601 174 607 178 ’
666 185 793 252 406
1134 186 1825 252 SUPPLEMENTUM.

496 343 511 362 ,
590 347 610 361 ,,
669 290 1093 370 Episcopatu‘m
1112 304 1534 369 assumantur3
1557 295 1607 352 si
1631 295 1814 353 etiam
1829 291 2048 372 plures
2065 307 2276 366 essem,

671 370 757 430 nil
784 369 951 432 aliud
978 370 1091 430 hac
1126 374 1190 430 in
1214 391 1284 430 re
1313 373 1587 434 eveniret
1605 415 1621 443 ,
1653 373 1833 448 quam
1864 373 1926 430 id
1963 373 2140 448 quod
2169 375 2282 434 sine

668 445 797 508 ulla
826 453 1186 526 cujusquam
1220 448 1630 508 admiratione
1659 449 1913 521 accidit,
1943 471 2148 526 quum
2173 471 2284 510 non

670 543 866 599 unus,
908 526 1013 584 sed
1056 524 1268 602 plnres
1297 527 1574 603 Episcopi
1614 525 2079 586 monachorum·
2107 529 2282 588 Cassi·

670 605 978 668 nensium,
1001 601 1282 662 habitum
1319 603 1558 662 deferre
1603 605 2118 679 conspiciuntur,
2157 625 2284 680 pro-

668 690 878 756 pterea
906 679 1071 754 quod
1096 681 1159 738 in
1198 701 1272 740 eo
1298 680 1534 741 Ordine
1558 679 1809 739 Professi
1847 681 2150 756 suerunt3
2175 702 2284 740 non

671 776 833 815 unus
856 755 1007 820 saed
1046 755 1256 834 plures
1291 758 1601 834 Episcopi,
1629 761 1916 816 Fratrum
1953 760 2284 830 Minoi-um,

672 843 783 918 aut
830 833 1298 895 Praedicatorum
1357 832 1582 894 Habitu
1637 834 1838 894 induti
1903 835 2285 910 procedunt,

673 912 961 1000 quoniam
1008 913 1069 969 in
1110 909 1232 970 illis
1263 921 1446 973 antea
1479 911 1822 972 Ordinibus
1854 911 2288 971 Professionem

676 997 1028 1048 emiserunt.

410 1070 571 1139 quue
600 1071 653 1121 in
751 1060 806 1140 S.
838 1061 899 1122 6.
940 1065 997 1124 Si
1033 1063 1182 1126 verb
1213 1063 1294 1126 de
1315 1062 1446 1123 aliis
1469 1062 1730 1126 aliorum
1761 1035 2162 1140 Equestrium
2188 1066 2284 1123 Or·

376 1136 888 1216 exenplumdinum
934 1140 1378 1201 Professoribus
1401 1152 1658 1217 agatur,
1702 1141 1921 1200 horum
1961 1142 2116 1201 sane
2151 1142 2290 1199 ratio

378 1206 516 1256 ²⁸⁸¹¹¹
550 1222 655 1256 ¹⁰¹¹
677 1214 856 1276 valde
889 1217 1192 1292 discrepat
1220 1239 1256 1276 a
1279 1220 1590 1294 praesentis
1624 1219 1980 1295 quaestionis
2003 1218 2286 1277 sub'ecto.

380 1273 573 1338 poterit

442 1356 475 1391 ο
539 1339 657 1390 aliis

681 1291 847 1354 Sacri
884 1299 1201 1366 Canones,
1243 1297 1346 1370 qui
1381 1294 1661 1356 habitum
1691 1293 2068 1371 Regularem
2093 1317 2126 1354 a
2191 1293 2286 1353 ali-

360 1355 663 1460 ,ffiffinibm
682 1371 905 1448 quibus
942 1370 1248 1450 Episcopis
1277 1372 1680 1432 deferendum
1718 1383 2050 1443 statuunt,
2081 1370 2154 1433 de
2171 1377 2284 1432 Mo.

378 1473 627 1528 nim-ri,
683 1446 895 1508 nachis
950 1447 1313 1526 loquuntur.
1378 1453 1518 1511 Haec
1569 1447 1886 1525 disciplina
1950 1448 2172 1508 deiude
2213 1448 2286 1506 ad

382 1541 499 1596 bus.

682 1525 1161 1587 mendicantium
1220 1526 1526 1588 Ordinum
1570 1531 1813 1586 Fratres
1864 1535 2118 1586 extensa
2151 1525 2286 1601 fuit3

684 1612 745 1662 et
774 1605 1053 1679 quamvis
1082 1606 1244 1663 inter
1277 1609 1522 1663 Fratres
1549 1604 1810 1662 Minores
1832 1623 2154 1668 nonnemo
2177 1601 2288 1660 fue·

681 1681 765 1740 rit
788 1725 804 1753 ,
841 1682 947 1756 qui
989 1699 1122 1740 eam
1162 1679 1444 1741 consulto
1480 1691 1757 1740 evertere
1780 1679 2130 1753 studuerit,
2163 1679 2293 1738 vicit

682 1767 887 1816 tamen
916 1759 1123 1817 sanior
1146 1778 1290 1834 pars
1323 1759 1648 1820 canonicis
1665 1758 1920 1818 Statutis
1951 1756 2290 1829 adhaemm,

684 1843 755 1892 ut
800 1833 1005 1894 videre
1052 1845 1143 1894 est
1171 1835 1338 1911 apud
1379 1833 1830 1893 Thomasaeinum‘
1865 1832 1940 1889 de
1988 1833 2292 1919 Beneficiis

671 1921 835 1987 pant.
865 1911 923 1970 3.
950 1911 1051 1971 lib.
1082 1931 1133 1968 2.
1162 1931 1299 1987 cap.
1327 1910 1424 1970 50.
1471 1919 1537 1970 η.
1563 1907 1662 1983 6.,
1705 1931 1898 1988 quum
1943 1929 2171 1988 nempe
2213 1927 2289 1968 n1·
2380 1919 2381 1952 ῑ

685 1988 801 2048 mis
853 1988 1101 2049 evidens
1154 1989 1350 2048 visum
1401 1988 1622 2060 fuerit,
1669 1987 1838 2049 nullo
1881 1985 2291 2047 intercedente

684 2063 1035 2125 discrimine
1052 2112 1069 2140 ,
1184 2065 1262 2124 od
1280 2067 1550 2142 pertinet
1575 2064 1652 2125 ad
1670 2069 1828 2126 Vota
1847 2062 2270 2124 substantialia
2282 2108 2295 2133 ,

686 2143 849 2204 inter
900 2149 1115 2204 Monac
1161 2162 1340 2202 orum
1387 2154 1452 2203 et
1495 2149 1781 2204 Fratrum
1829 2141 2290 2212 Professionem,

686 2219 959 2279 eamdem
1018 2223 1286 2281 Canouis
1322 2221 1534 2297 Legem
1581 2219 1662 2280 ad
1697 2239 1907 2281 omnes
1959 2218 2292 2284 Professus,

686 2297 813 2354 sive
857 2296 1228 2369 monachos{
1269 2299 1396 2358 sive
1437 2302 1713 2366 Fratres,
1759 2314 1930 2386 aeque
1969 2297 2290 2372 pertinere.

688 2373 795 2430 His
837 2377 1045 2448 positis
1068 2419 1081 2441 ,
1123 2373 1518 2435 conferantur
1544 2380 1664 2451 jam
1696 2377 1948 2450 Equites
1975 2375 2040 2431 in
2073 2370 2294 2433 Ordine

690 2448 1197 2524 Jerosolymitano
1208 2451 1458 2512 professi
1488 2472 1626 2510 cum
1641 2449 1900 2512 aliorum
1915 2454 2048 2528 Equ
2056 2450 2294 2510 estrium
2378 2511 2379 2517 χ

692 2525 996 2587 Ordinum
1056 2528 1534 2603 Professoribus3
1584 2548 1655 2587 ac
1711 2527 2032 2598 videatur,
2101 2537 2296 2586 utrum

662 2600 935 2664 ,illorum
978 2606 1163 2680 magis
1208 2627 1392 2682 quam
1437 2606 1692 2665 istorum
1753 2604 2087 2677 professio,
2145 2600 2294 2678 quod

689 2683 957 2758 pertinet
986 2681 1065 2741 ad
1092 2685 1250 2742 Vota
1275 2680 1696 2746 substantialia
1716 2726 1732 2752 ,
1757 2680 1833 2740 ad
1865 2679 2294 2741 Monacborum

692 2769 756 2818 et
798 2762 1081 2819 Fratrum
1118 2760 1549 2820 Professionem
1581 2757 1850 2818 accedat.
1889 2755 1988 2816 Illi
2019 2757 2292 2833 quidem,

691 2846 765 2895 ut
784 2857 853 2896 su
899 2858 966 2897 ra
983 2836 1215 2899 dictum
1234 2847 1323 2896 est
1341 2881 1356 2907 ‚
1375 2837 1504 2896 veri
1521 2836 1783 2895 nominis
1797 2832 2296 2910 Religiosistricto

690 2917 826 2989 iure
909 2913 1210 2988 abentur3
1237 2912 1508 2983 aliorum,
1532 2923 1736 2972 antem
1764 2911 2157 2988 Equestrium
2193 2913 2292 2971 Or,
2375 2925 2377 2986 3

692 2987 906 3048 dinnm
946 2989 1306 3054 Professores
1335 2989 1414 3056 ab
1445 2988 1750 3067 aliquibus
1773 2985 2056 3064 Religiosi
2086 3007 2292 3049 vocan·
2375 2989 2377 3038 i

692 3075 831 3134 tur,
874 3064 954 3123 ab
1010 3065 1141 3126 aliis
1187 3065 1615 3146 nequ'aquam3
1674 3067 1902 3143 quique
1951 3066 2142 3124 etiam
2178 3061 2296 3123 illos

690 3138 1021 3216 Religiosos
1058 3144 1367 3221 appellant
1389 3189 1407 3219 ,
1452 3165 1577 3204 non
1603 3145 1834 3202 ‹stricto
1870 3147 2006 3218 inre
2037 3139 2212 3219 loqui
2239 3159 2292 3198 se

690 3218 1081 3296 profitentur.
1134 3221 1410 3282 Solemne
1458 3221 1770 3282 Castitatis
1821 3223 2054 3281 Votum
2077 3261 2094 3290 ‚
2146 3215 2297 3294 quod
2373 3289 2375 3296 Ι

692 3295 1180 3371 Jerosolymitani
1216 3302 1512 3359 emittunt
1535 3344 1552 3369 ,
1573 3296 1826 3375 plenum
1859 3306 1953 3356 est
1979 3305 2043 3355 et
2067 3291 2294 3356 absolu-

694 3383 869 3452 tum3
910 3374 1061 3436 adeo
1116 3385 1220 3450 ut,
1261 3375 1781 3452 quemadmodum
1818 3393 1930 3450 per
1973 3371 2125 3433 alias
2167 3377 2291 3431 Pro·

674 3451 1013 3530 sessiones,
1052 3473 1183 3532 quae
1223 3473 1261 3515 a
1301 3453 1612 3518 Monachis
1661 3462 1726 3514 et
1760 3449 2083 3514 Fratribus
2109 3449 2294 3540 ῥητή,
2374 3445 2375 3492 3
