2442 3992
684 142 1130 210 Bruanium.
1415 131 1419 138 ’
1572 145 1707 212 215.

97 253 283 314 nostri
313 269 452 330 erga
483 251 653 312 Beati
673 254 834 312 Petri
861 250 1138 328 Apostoli
1162 251 1458 312 bonorem
1480 260 1545 312 et
1569 251 1695 314 cul-
1751 263 1849 318 As
1870 278 1902 316 ι
1924 278 1957 316 ο
2056 251 2067 262 “
2132 217 2141 224 ·

100 340 226 390 tum
253 375 271 403 ,
315 330 617 408 ipsiusque
663 327 935 388 Ecclesiae
983 327 1267 390 decorem
1309 337 1494 407 atque
1533 328 1696 391 utili·
1792 330 1939 402 1752.

98 416 246 468 tates
291 425 654 482 magnopere
705 405 1031 482 propensi,
1071 404 1280 480 plures
1316 416 1500 484 atque
1560 425 1698 482 per-

93 484 320 560 spicuas
367 488 486 559 iam
525 480 892 542 ediderimus
932 482 1403 557 significationes
1436 503 1455 542 ι·
1508 502 1702 558 quum
1784 511 1807 532 ο

96 569 290 618 tamen
337 579 436 620 eas
475 558 668 636 probe
715 577 1098 618 nosceremus
1138 579 1278 620 cum
1318 558 1701 636 amplissimis

94 635 398 696 beneficiis
447 656 484 696 a
535 633 838 712 plerisque
893 634 1433 704 Praedecessoribus
1476 637 1701 696 nostris

96 715 155 771 in
193 711 470 774 eamdem
523 710 831 776 Basilicam
877 710 1061 772 effuse
1119 714 1419 788 congestis
1446 757 1464 785 ,
1528 711 1701 772 nullo

86 788 266 849 modo
306 808 435 852 esse
484 787 920 866 comparandas
942 833 958 860 ‚
1004 788 1401 850 vehementer
1446 789 1696 865 optaba-

96 885 222 925 mus
259 863 533 944 aliquam
588 866 773 926 Nobis
813 865 1186 926 occasionem
1226 866 1483 946 praeberi
1515 911 1533 936 ,
1576 884 1702 942 qua

98 941 270 1002 Nobis
311 942 525 1004 liceret
563 940 800 1002 illustre
838 940 1086 1018 aliquod
1130 944 1357 1004 amoris
1392 941 1702 1020 studiique

101 1020 278 1078 nostri
337 1018 402 1080 in
441 1037 512 1078 ea
555 1028 824 1079 statuere
864 1030 1329 1080 monumentum
1356 1065 1373 1092 ‚
1419 1039 1709 1095 suprema,

102 1095 340 1171 dignum
396 1098 762 1157 auctoritate
799 1140 816 1168 ‚
871 1115 1055 1172 quam
1120 1095 1529 1156 inscrutabilis
1590 1099 1699 1156 Dei

101 1171 476 1246 providentia
513 1172 697 1234 Nobis
735 1193 870 1232 cum
913 1171 1244 1250 Apostolici
1270 1171 1550 1234 culminis
1578 1171 1695 1232 hae-

105 1248 350 1312 ruditate
389 1250 682 1310 concessit
719 1270 736 1308 ε
783 1259 853 1308 ut
893 1251 1070 1309 sicuti
1110 1249 1350 1311 assidua
1388 1249 1699 1326 quondam

109 1344 238 1400 erga
265 1331 335 1386 B.
365 1325 794 1402 Apostolorum
831 1329 1166 1402 Principem
1215 1327 1539 1386 ministerii
1588 1346 1695 1386 no-

113 1403 210 1460 stri
242 1401 577 1466 extiterunt
615 1402 900 1479 obsequia
923 1444 940 1474 ,
988 1405 1072 1463 ita
1104 1448 1121 1475 ,
1180 1401 1331 1464 dum
1383 1402 1461 1462 ad
1514 1405 1699 1478 ipsius

115 1480 488 1540 successionis
513 1481 815 1556 fastigium
833 1525 851 1552 ,
883 1479 1111 1540 meritis
1147 1477 1289 1540 licet
1328 1479 1699 1556 imparibus,

117 1559 294 1618 evecti
340 1576 547 1618 sumus
569 1603 588 1632 ,
639 1555 857 1616 collata
897 1556 1080 1616 Nobis
1128 1566 1393 1632 potestas
1439 1557 1501 1614 in
1547 1561 1699 1632 ejus-

112 1630 234 1693 dem
275 1633 573 1694 honorem
615 1632 814 1711 aliqua
855 1632 1069 1694 saltem
1111 1653 1181 1692 ex
1239 1642 1412 1709 parte
1448 1631 1701 1698 referre-

112 1717 254 1769 tur:
304 1711 610 1786 ipsiusque
671 1708 968 1784 Ecclesia,
1014 1730 1148 1787 quae
1183 1707 1333 1773 olim
1379 1706 1705 1768 officiosam

115 1782 216 1843 filii
251 1788 533 1862 pietatem
572 1788 636 1848 in
683 1787 869 1848 Nobis
927 1797 1172 1864 experta
1214 1787 1333 1846 fuit
1363 1830 1379 1857 ,
1435 1794 1703 1861 paternae

119 1880 268 1921 nunc
311 1862 622 1928 charitatis
682 1875 902 1926 nostras
950 1863 1184 1928 fructus
1226 1864 1290 1923 in
1329 1881 1393 1922 se
1439 1861 1703 1922 derivari

121 1941 370 2002 sentiret.
626 1997 632 2002 .
746 1963 752 1968 ·
1801 1962 1807 1970 ·

187 2015 232 2081 ᾗ.
265 2035 324 2076 2.
361 2022 578 2094 Itaque
608 2019 897 2077 memoria
928 2029 1304 2096 repetenteS,
1343 2035 1459 2093 pro
1498 2036 1569 2075 ea
1598 2033 1702 2074 no·
1793 2001 1917 2078 ‚³⁰1⁸
1947 2004 2001 2075 9‘

126 2090 242 2178 titia
272 2133 288 2160 ,
349 2113 548 2170 quam·
576 2093 654 2153 de
692 2097 998 2157 Vaticanae
1041 2094 1302 2165 Basilicae
1350 2092 1581 2164 rebus,
1620 2111 1705 2179 'ex
1730 2067 1997 2184 ff'iffii'ffa

121 2165 388 2254 diuturna
431 2189 756 2233 munerum
792 2171 870 2231 ab
905 2178 1032 2249 ejus
1066 2169 1350 2252 Capitxulo
1393 2168 1577 2229 Nobis
1612 2188 1701 2228 m·
1728 2149 1971 2253 ωῗῶἑῖῖ

121 2249 446 2316 junctorum
477 2247 1032 2320 administratione,
1067 2247 1214 2308 olim
1240 2247 1665 2323 acquisivimus
1686 2291 1703 2318 ,
1729 2270 1911 2336 repetit
1949 2271 2003 2316 et

122 2321 416 2399 complura
445 2325 629 2400 ipsius
652 2326 791 2401 jura
827 2337 888 2384 et
929 2324 1243 2402 privilegia
1281 2325 1530 2383 existere
1560 2368 1577 2394 ,
1614 2322 1702 2382 di·
1724 2333 1986 2405 expendit.

125 2402 292 2483 yersis
334 2401 703 2477 temporibus
751 2413 813 2462 et
865 2401 1056 2462 titulis
1091 2448 1108 2474 ,
1168 2408 1307 2478 jure
1369 2401 1706 2476 meritoque

125 2479 216 2547 1psi
258 2478 532 2554 tributa3
579 2497 842 2555 quorum
881 2478 1088 2555 aliqua
1119 2522 1138 2551 ‚
1188 2478 1267 2538 ad
1318 2477 1505 2554 ipsius
1548 2477 1704 2536 Basi-

125 2547 232 2612 licae
276 2554 487 2627 decus,
523 2552 764 2614 clariori
805 2557 870 2614 in
919 2554 1052 2616 luce
1085 2554 1438 2615 collocanda
1460 2599 1476 2623 ‚
1507 2550 1710 2630 aliqua

128 2631 253 2689 vero
287 2651 726 2708 nonnunquam
769 2631 1029 2692 aliorum
1070 2632 1535 2702 controversiis,
1580 2629 1706 2688 fru-

128 2714 231 2764 stra
273 2706 441 2781 licet,
483 2709 760 2790 impetita
786 2753 806 2781 ,
855 2731 1015 2772 novo
1062 2707 1312 2768 tandem
1354 2704 1710 2785 Apostolicae

130 2783 581 2846 confirmationis
637 2785 858 2847 robore
899 2783 1383 2848 constabilienda
1429 2781 1708 2846 videren-

131 2869 255 2929 tur-3
300 2863 534 2937 Idcirco
567 2859 884 2946 plerasque
925 2873 986 2924 et
1033 2861 1393 2922 illustriores
1441 2858 1707 2938 ejusdem

131 2936 361 3000 Basilicae
405 2943 835 3016 praerogativas
874 2939 1062 3000 Nobis
1107 2937 1191 2997 ob
1239 2935 1445 2998 oculos
1494 2956 1708 3013 reprae-

133 3019 329 3076 sentari
379 3019 662 3092 iussimus
690 3063 706 3090 ,
748 3035 1082 3093 earumque
1123 3018 1391 3092 origine,
1441 3033 1551 3073 usu
1582 3059 1597 3085 ,
1650 3023 1714 3073 et

132 3094 471 3160 possessione
500 3095 738 3155 mature
775 3094 1116 3170 perpensis,
1143 3113 1254 3153 nec
1288 3109 1410 3152 non
1446 3091 1711 3168 ipsarum

133 3185 248 3226 cum
289 3172 520 3246 justitia
567 3181 629 3230 et
675 3171 994 3232 canonicis
1041 3168 1271 3245 legibus
1316 3169 1714 3230 consonantia

134 3246 344 3314 penitus
367 3257 716 3323 perspecta,
763 3247 966 3325 plures
1010 3267 1078 3306 ex
1117 3244 1273 3317 illis,
1316 3244 1457 3305 licet
1494 3245 1709 3304 firmis-

134 3321 270 3382 simis
327 3323 524 3384 titulis
554 3370 570 3396 ,
626 3335 686 3384 et
746 3346 868 3385 non
934 3325 1278 3400 interrupta
1341 3322 1711 3398 possessione

136 3393 422 3478 fundatas,
461 3401 576 3464 hac
619 3413 824 3464 nostra
858 3401 1153 3480 perpetuo
1179 3398 1444 3475 valitura
1471 3399 1709 3464 Consti·
