2442 3992
631 132 758 243 556
1215 172 1662 243 Appmvmx.

371 294 441 353 N,
470 294 576 357 IV.
633 280 932 345 Fidelium
977 283 1040 343 in
1079 278 1383 361 praedictis
1436 281 1583 343 locis
1618 281 1981 359 ‚degentium
2016 277 2249 343 utilitas

635 372 759 423 tem
783 406 800 431 ,
845 358 1263 437 plurimosque
1301 370 1364 419 et
1390 358 1759 435 perniciosos
1790 358 2018 419 abusus
2054 380 2249 420 remon

633 436 1007 509 vendoS„ut
1090 436 1366 495 raefert'ur
1390 481 1408 509 ,
1460 457 1530 496 ac
1568 446 1742 497 motu
1784 446 1845 513 ct
1882 438 2250 508 auctoritate

632 513 954 594 praemissis
975 559 991 583 ,
1065 525 1227 573 actas
1263 524 1323 587 et
1354 523 1665 573 emanatas
1690 548 1722 585 ,2
1748 512 2106 573 omnimoda
2152 513 2250 571 fir·

635 594 848 653 mitate
876 587 1105 650 validas
1138 601 1200 647 et
1223 582 1485 649 efficaces
1516 591 1773 649 existere·
1802 600 1864 647 et
1884 584 2021 649 fore
2043 635 2061 665 ,
2082 608 2252 649 suos-

638 689 760 759 que
797 666 1034 726 debitos
1059 666 1306 725 effectus
1342 661 1593 736 sortiri,
1631 675 1693 725 et
1726 662 2040 738 obtinere,
2086 676 2153 724 et
2186 664 2255 724 il·-

637 740 716 805 lis
756 743 834 803 ad
885 764 1036 821 quos
1077 751 1349 819 spectat,
1394 752 1456 801 et
1494 762 1611 819 pro
1655 752 1928 819 tempore
1974 741 2254 818 quando·

639 840 902 898 cumque
961 820 1303 897 spectabit,
1354 814 1703 894 plenissime
1750 816 2069 893 suffragari
2105 858 2145 893 ,-
2189 838 2261 877 ae

637 898 970 974 respective
992 897 1069 955 ab
1100 898 1169 956 iis
1189 938 1206 969 ,
1234 892 1317 955 ἀεὶ
1342 916 1494 972 quos
1566 897 1787 955 ertinet
1808 940 1827 968 ,
1857 907 1920 955 et
1952 894 2017 954 in
2048 903 2259 971 poste·

639 975 779 1035 riun
819 993 932 1049 pro
979 982 1270 1049 tempore
1338 972 1528 1031 ettine
1576 973 1623 1030 it
1666 1012 1683 1044 ,
1733 971 1798 1029 in
1849 969 2140 1031 omnibus·
2196 974 2263 1031 et

638 1068 750 1127 per
792 1050 996 1109 omnia
1022 1095 1038 1119 ,
1078 1046 1304 1111 inviola
1356 1047 1517 1108 iliter
1572 1047 1888 1108 observari
1927 1046 2258 1118 volumus,

641 1137 708 1191 et
762 1125 1123 1187 auctoritate
1173 1124 1461 1203 praedicta
1502 1126 1825 1205 statu-imus
1866 1135 1929 1185 et
1976 1124 2255 1186 decerni·

638 1223 799 1263 mus.

649 1351 658 1359 ·
715 1318 771 1385 §.
813 1313 872 1374 5.
915 1314 1129 1391 Sicque
1169 1325 1235 1374 et
1275 1332 1401 1375 non
1456 1312 1635 1374 aliter
1678 1330 1790 1393 per
1836 1328 2261 1393 quoscumque

641 1392 880 1453 Judices
924 1392 1295 1473 ordinarios
1320 1437 1338 1465 ,
1376 1402 1437 1451 et
1468 1410 1847 1469 quacumque
1880 1394 2063 1451 etiam
2092 1396 2259 1467 Apo-

641 1468 854 1529 stolica
912 1472 1278 1527 auctoritate
1331 1467 1633 1545 delegatos
1665 1506 1686 1544 ,
1746 1470 1928 1528 etiam
1971 1472 2031 1527 S.
2068 1472 2145 1526 R.
2183 1472 2261 1526 E.

643 1544 1000 1607 cardinales
1031 1546 1108 1604 de
1147 1544 1336 1604 latere
1364 1548 1647 1622 Legatos,
1684 1556 1747 1604 et
1776 1544 2136 1622 Apostolicae
2155 1542 2260 1603 Sea

643 1622 736 1683 dis
777 1624 1038 1684 Nunnios
1065 1663 1082 1694 ,
1135 1621 1407 1698 aliosque
1460 1621 1797 1698 quoslibet,
1845 1620 2087 1685 sublata
2126 1622 2213 1680 eis
2240 1658 2265 1691 ,

646 1710 710 1759 et
737 1712 948 1758 eorum
988 1697 1239 1758 cuilibet
1263 1744 1281 1769 ,
1329 1697 1505 1759 aliter
1529 1698 1839 1777 iudicandi
1866 1710 1929 1758 et
1949 1698 2265 1758 statuendi

645 1778 1009 1835 auctoritate
1041 1785 1102 1834 et
1141 1774 1462 1845 facultate,
1504 1776 1758 1852 iudicari
1790 1786 1851 1835 et
1888 1775 2131 1835 definiri
2156 1774 2261 1835 de·

643 1851 836 1928 bere3
872 1872 942 1910 ac
989 1853 1233 1911 irritum
1280 1862 1343 1911 et
1384 1854 1605 1926 inane,
1647 1854 1697 1911 si
1733 1852 1901 1911 secus
1942 1872 2127 1928 super
2168 1851 2267 1911 his

645 1948 684 1989 a
719 1946 1031 2014 quoquam
1070 1930 1333 1988 scienter
1358 1948 1377 1996 ,-
1414 1928 1517 1985 vel
1549 1932 1901 2000 ignoranter
1926 1924 2263 2002 contigerit

646 2012 966 2063 attentam.
1296 2021 1310 2035 ²

551 2112 558 2123 ’
723 2120 774 2188 §-
817 2114 878 2177 6.
918 2121 1049 2183 Non
1078 2114 1463 2175 obstantibus
1505 2127 1836 2191 nostrimet
1872 2116 2269 2180 Cancellariae

650 2192 1011 2271 Apostolicae
1049 2192 1273 2269 Regula
1320 2192 1396 2251 de
1431 2198 1565 2270 inre
1598 2194 1848 2271 quaesito
1890 2214 2012 2253 non
2047 2194 2265 2257 tollen-

654 2272 735 2330 do
763 2316 780 2343 ,
823 2269 1076 2347 aliisque
1111 2268 1503 2346 Apostolicis,
1538 2290 1640 2330 seu
1682 2269 1747 2329 in
1767 2270 2266 2347 Universalibus‚

652 2348 1132 2407 Provincia'libus
1153 2392 1168 2417 ‚
1203 2356 1264 2405 et
1297 2345 1694 2421 synodalibus
1721 2346 2009 2407 Conciliis
2044 2338 2227 2411 editis
2248 2396 2267 2423 ,

653 2422 1076 2499 generalibus,
1118 2421 1216 2483 vel
1267 2421 1623 2500 specialibus
1665 2425 2267 2499 constitutionibus,

653 2509 718 2579 et
758 2498 1305 2575 Ordinationibus3
1354 2520 1465 2559 nec
1522 2520 1643 2559 non
1690 2498 2043 2575 quibusvis,
2084 2504 2271 2566 etiam

649 2573 1014 2651 Apostolicae
1048 2572 1213 2633 Sedis
1252 2572 1576 2637 tolerantia
1606 2617 1623 2641 ,
1668 2596 1775 2635 seu
1814 2592 2089 2653 expressa
2125 2600 2267 2640 con·

651 2652 1028 2733 firmatione,
1070 2649 1166 2709 vel
1213 2652 1428 2727 quavis
1460 2648 1748 2713 firmitate
1790 2650 1908 2711 alia
1961 2652 2272 2715 &eboratis

651 2727 895 2795 usibu8‚
936 2738 996 2787 et
1031 2728 1605 2799 consuetudinibus,
1654 2730 1835 2790 etiam
1882 2730 2268 2791 immemora-

621 2803 917 2877 -bilibus,
966 2800 1296 2878 Privilegiis
1380 2825 1614 2881 noque,
1650 2802 1959 2870 Induitis,
2016 2817 2127 2865 aut
2176 2810 2268 2867 Li·

601 2890 606 2897 ’
653 2883 800 2942 teris
827 2878 1183 2955 Apostolicis
1205 2924 1226 2949 ,
1262 2825 1511 2941 cuilibet
1544 2880 1853 2965 Ecclesiae,
1888 2893 1995 2941 aut
2019 2882 2269 2959 quibus·

653 2976 926 3039 cumque
986 2957 1260 3023 Pei-sonis
1290 2998 1305 3025 ,
1368 2962 1750 3035 quacumque
1806 2956 2227 3023 Ecclesiastico
2252 3007 2269 3033 ,

655 3029 755 3111 vel
804 3032 1109 3093 Mundana
1139 3035 1440 3108 Dignitate
1478 3033 1852 3111 fulgentibus
1874 3082 1891 3105 ,
1928 3040 2116 3096 etiam
2140 3056 2269 3113 spe·

654 3108 826 3181 cificn
869 3118 929 3166 et
971 3108 1290 3171 individua
1332 3113 1640 3172 mentione
1685 3111 1921 3186 dignis,
1966 3112 2086 3171 sub
2138 3115 2269 3189 Qui·

653 3181 1029 3262 buscumque
1085 3185 1343 3261 formis,
1401 3199 1464 3247 et
1507 3187 1835 3247 verborum
1901 3188 2271 3263 tenoribus,

655 3263 839 3321 etiam
884 3272 1053 3321 motu
1091 3260 1304 3337 simili,
1345 3275 1404 3324 et
1425 3264 1514 3329 ,de
1552 3270 1601 3325 A
1650 3262 1911 3325 ostolicae
1952 3267 2274 3341 potestatis

651 3336 1066 3422 plenitudine,
1109 3359 1213 3399 seu
1253 3341 1603 3401 consistoria
1634 3343 1789 3415 iter,
1831 3361 1901 3399 ac
1942 3337 2099 3407 alias
2126 3362 2271 3417 quo·

653 3414 986 3477 modolibet
1007 3458 1030 3491 ,
1085 3416 1148 3477 in
1217 3418 1595 3499 contrarium
1635 3418 2087 3495 praemissorum
2131 3440 2275 3479 con·
