2442 3992
530 190 656 257 456
993 189 1530 259 SUPPLEMENT
1538 204 1679 255 mr.

307 314 378 373 Ν,
397 293 475 370 ἢ,
605 296 663 377 §.
697 316 760 356 2.
799 296 926 357 Etsi
954 307 1158 357 autem
1193 318 1309 373 pro
1336 289 1627 374 singulari
1657 295 1882 373 pietate
1908 342 1925 371 ‚
1960 308 2023 357 et
2052 302 2163 361 iu·

251 394 515 450 hanni.
535 370 811 434 credibili
849 394 990 450 erga
1027 394 1122 434 res
1165 378 1413 447 SacraS,
1443 380 1845 434 Sacrosanctae
1880 373 2157 452 Religio.

235 463 514 531 Regisl’or-
539 453 632 511 nis
679 452 942 511 rationes
976 496 994 522 ‚
1045 462 1109 511 et
1159 450 1517 511 Sanctorum
1570 452 1975 511 reverentiam
2016 454 2163 514 zelo

235 530 465 598 tog-niae
489 524 681 601 fimo,
727 530 1084 587 carissimus
1122 528 1188 587 in
1221 529 1469 589 Christo
1507 527 1693 588 Filius
1739 539 1945 588 noster
1963 534 2159 591 Joan.

237 606 294 651 02
336 612 509 677 ‚P2‘‚⁸⁸·
541 626 648 665 nes
689 603 1095 680 portugalliae,
1141 615 1206 665 et
1235 603 1665 681 Algarbiorum
1694 609 1819 665 Rex
1844 604 2117 667 Illustris
2141 652 2162 681 ,

205 671 384 783 '3¹:⁰¹⁰
405 678 488 781 ‘2⁰
543 703 650 818 gir
691 680 982 741 dilectum
1025 680 1247 744 Filium
1302 681 1753 741 Emmanuelem
1793 683 2033 743 Pereira
2075 684 2165 744 de

257 800 276 851 3
319 746 400 782 ¹⁰¹²
625 779 680 817 m
762 764 824 835 jo
858 757 1086 819 Militiae
1113 764 1251 817 Jesu
1286 758 1514 818 Christi
1542 760 2163 835 commendatorem,

238 868 386 919 vim,
417 878 532 915 w„
547 842 674 913 eius
717 856 812 895 em
857 835 1154 895 Iohannis
1182 836 1359 911 Regis
1394 838 1645 911 negotiis
1675 835 1837 912 apud
1878 840 2001 896 Nos
2030 882 2047 909 ‚
2094 850 2165 898 et

245 934 362 984 dom
386 902 493 982 Ῥ..
548 911 954 987 Apostolicam
997 912 1156 971 hanc
1197 910 1410 970 Sedem
1438 913 1823 990 expediendis
1868 917 2161 990 Praeposi-

245 1007 472 1061 tronum,
548 999 678 1048 tum
699 1034 717 1062 ,
763 988 946 1048 Nobis
968 988 1357 1065 supplicavit,
1377 999 1449 1048 ut
1472 990 1628 1049 tanti
1648 989 1963 1049 Indiarum
2000 997 2162 1067 Apo..

247 1066 512 1131 Princim·
549 1065 687 1126 stoli
721 1062 953 1123 cultum
976 1106 997 1138 ,
1047 1075 1109 1123 et
1145 1068 1600 1125 venerationem
1630 1069 1692 1125 in
1723 1068 1936 1141 terris,
1963 1086 2163 1143 quan-

248 1132 530 1251 Ἓξέξεὲῑῑ·
553 1154 686 1202 tum
725 1139 910 1201 Nobis
953 1160 1024 1199 ex
1063 1139 1189 1199 alto
1219 1142 1609 1214 conceditur,
1649 1142 1948 1219 adaugere
1993 1154 2161 1203 sata-

359 1266 370 1277 .
449 1266 461 1277 .
553 1217 956 1295 gamus;.ipsa
998 1227 1203 1277 tamen
1246 1220 1309 1276 in
1347 1220 1627 1299 Sintarum
1658 1222 1917 1279 maxime
1948 1224 2166 1299 Regno

253 1268 532 1383 {3¹⁰2}-
555 1298 618 1354 in
661 1292 1102 1355 christifideles
1144 1292 1233 1351 ibi
1280 1293 1561 1369 degentes
1619 1302 1822 1370 mota,
1860 1306 2040 1369 atque
2084 1298 2165 1355 in

257 1398 383 1449 dum
421 1413 534 1447 mn,
555 1368 925 1447 Evangelicae
965 1371 1305 1447 praesertim
1342 1370 1790 1446 praedicationis
1832 1372 2159 1447 operarios

258 1464 404 1517 dent.
555 1450 803 1508 saeviens
851 1447 1190 1525 persecutio
1219 1490 1237 1518 ‚
1299 1457 1370 1505 ut
1426 1449 1539 1523 piis
1589 1446 1825 1506 laudati
1868 1446 2165 1507 Iohannis

555 1527 730 1601 Regis
758 1528 917 1586 votis
951 1542 1020 1583 ac
1053 1523 1336 1600 precibus
1365 1534 1620 1599 paterna
1649 1522 2024 1600 'benignitate
2048 1522 2161 1583 ob-

557 1600 962 1662 secundantes
984 1644 1002 1674 ‚
1031 1600 1092 1659 id
1130 1610 1483 1677 praestemus
1512 1598 1797 1675 alacrius,
1836 1594 2171 1661 vehemen-

559 1691 657 1740 ter
689 1688 864 1754 urget
900 1687 962 1736 et
999 1674 1363 1737 exstimulat.

262 1760 342 1811 Eo
361 1757 542 1811 'ritulo
635 1756 691 1833 §.
735 1756 794 1814 3.
833 1759 924 1814 Ita
1014 1771 1046 1812 e
1074 1797 1093 1827 ,
1133 1750 1211 1811 ad
1258 1756 1547 1829 maiorem
1590 1754 1700 1811 Dei
1748 1750 1992 1811 laudem
2020 1797 2037 1823 ,
2076 1750 2174 1811 di·

263 1826 512 1907 ,colendus
561 1834 812 1908 vinique
863 1851 938 1889 cu
967 1842 1064 1890 tus
1111 1840 1505 1905 augmentum
1529 1873 1547 1902 ‚
1584 1830 1947 1889 auctoritate
2004 1832 2173 1904 Apo-

265 1894 522 2007 ’ὼωὸἷέ
565 1911 771 1971 stolica
805 1952 821 1980 ‚
867 1917 1080 1965 tenore
1128 1907 1519 1983 praesentium
1540 1950 1555 1977 ,
1594 1906 1879 1966 Sanctum
1918 1907 2175 1964 Franci·

266 1976 388 2079 ξιξ
403 1989 543 2075 Du-.
566 2007 734 2047 scum
778 1986 1105 2045 Xaverium
1171 1988 1501 2042 Patr-onum
1557 1979 2045 2059 principaliorem
2099 2002 2180 2041 ac

271 2091 455 2158 pliciael
567 2066 973 2124 Prot'eetorem
1006 2058 1355 2129 Indiarum,
1387 2078 1521 2134 quae
1554 2070 1954 2119 numerantur
1980 2079 2017 2118 a
2050 2060 2179 2117 Ca·

270 2134 508 2223 Cluuii,
565 2142 694 2218 pite
729 2141 922 2195 Bonoe
969 2136 1106 2213 §pei
1152 2134 1351 2207 dicte,
1397 2154 1587 2211 usque
1629 2136 1707 2195 ad
1749 2140 1954 2213 Regna
1998 2132 2179 2195 Sina-

271 2225 547 2279 etOctava.
569 2239 741 2288 rum,
777 2225 840 2275 et
883 2212 1183 2289 saponiae‚
1231 2214 1435 2288 eisque
1460 2211 1887 2289 adjunctarum
1919 2211 2177 2272 Provin-

571 2298 800 2353 ciarum
820 2338 836 2363 ‚
874 2302 936 2351 et
969 2290 1377 2349 ad‘acentium
1408 2287 1749 2353 Insularum
1768 2334 1785 2363 ,
1809 2309 1951 2348 cum
1980 2289 2178 2347 omni-

567 2370 686 2431 bus
708 2414 726 2440 ‚
771 2380 834 2428 et
871 2370 1042 2443 singu
1073 2367 1120 2425 is
1153 2367 1568 2442 praerogativis
1593 2411 1611 2438 ‚
1640 2385 1803 2441 quae,
1838 2371 2009 2443 iuxta
2034 2370 2177 2425 Bre-

571 2447 750 2507 viarii
793 2455 858 2503 et
921 2442 1169 2505 Missalis
1213 2443 1507 2502 Rubricas
1541 2482 1558 2513 ,
1620 2444 1851 2503 Sanctis
1902 2442 2183 2503 Patronis

615 2519 1102 2596 rincipalioribus
1139 2529 1200 2579 et
1267 2518 1719 2580 Protectorihus
1776 2528 2137 2595 competunt
2158 2564 2181 2593 ‚

555 2545 924 2661 babendum
945 2641 961 2669 ‚
988 2595 1397 2657 invocandum
1418 2641 1434 2668 ,
1456 2606 1519 2656 et
1550 2594 1875 2657 colendum
1904 2615 2031 2655 esse
2054 2606 2179 2655 sta-

531 2720 538 2727 ·
571 2679 833 2748 mimus,
855 2671 1267 2743 declaramus,
1302 2684 1489 2751 atque
1516 2671 1819 2749 jubemus.
1854 2679 2182 2745 Praeterea,

572 2765 646 2815 ut
681 2751 1082 2829 imposterum
1101 2748 1385 2810 solemnis
1423 2751 1579 2809 tanti
1603 2751 1853 2811 Patroni
1890 2751 2187 2809 memoria

572 2832 792 2910 majori
821 2874 838 2901 ,
877 2850 1062 2907 quam
1105 2838 1287 2889 antea
1329 2825 1756 2887 celebrabatur
1780 2874 1798 2902 ‚
1834 2829 2187 2905 pietate‚ac

573 2907 798 2969 debitis
825 2904 1078 2968 laudum
1115 2905 1433 2983 praeconiis
1467 2906 1797 2981 quotannis
1833 2903 2187 2980 recolatur3

575 2983 888 3058 volumus,
931 2994 996 3044 et
1037 2980 1321 3045 omnibus
1360 2983 1683 3058 utriusque
1716 3002 1889 3041 sexus
1922 2980 2191 3041 christi-

577 3060 856 3119 fidelibus
875 3100 893 3128 ‚
944 3062 1049 3135 qui
1094 3058 1172 3117 ad
1227 3062 1418 3129 Horas
1466 3059 1807 3119 canonicas
1842 3067 2139 3119 tenentur
2166 3098 2189 3127 ‚

531 3168 552 3191 .
577 3138 940 3195 auctoritate
987 3145 1050 3194 et
1092 3144 1309 3194 tenore
1342 3134 1593 3211 paribus
1630 3132 2015 3211 indulgemus
2038 3180 2057 3205 ‚
2098 3144 2190 3193 at-

579 3234 699 3291 que
741 3210 1135 3284 mandamus,
1175 3221 1249 3271 ut
1296 3231 1500 3272 annua
1540 3213 1741 3288 ipsius'
1764 3212 1969 3271 Sancti
1999 3216 2192 3271 Fran-

351 3330 428 3379 De
451 3324 560 3377 Lit·
579 3290 720 3350 cisci
749 3294 800 3349 X
806 3288 994 3348 averii
1023 3285 1151 3347 dies
1173 3286 1289 3346 sub
1314 3287 1462 3348 Ritu
1486 3286 1726 3365 Duplici
1744 3289 1957 3349 Primae
1970 3286 2197 3349 Classis

286 3400 512 3447 terarum
581 3388 721 3427 cum
765 3369 996 3426 Octava
1040 3374 1387 3441 peragatur.

285 3462 526 3527 perpetue)
656 3441 710 3521 §.
751 3441 810 3516 4.
851 3447 1255 3503 Decet-nentes
1305 3440 1545 3501 easdem
1592 3451 1917 3517 praesentes
1956 3438 2199 3499 litteras

279 3530 463 3591 vigore.
577 3537 814 3595 semper
872 3518 1115 3589 firmas,
1159 3518 1427 3593 validas,
1483 3527 1547 3578 et
1581 3518 1847 3581 efficaces
1888 3518 2149 3577 existere
2174 3556 2194 3589 ,
